1916 3085
927 108 980 155 11

159 248 209 281 ea
237 233 472 281 conditione
485 267 496 287 ,
526 234 576 278 111
605 231 739 280 Siculi
770 231 969 289 Dionysio
1000 231 1139 277 essent
1169 231 1349 289 subjecti
1380 231 1423 276 et
1453 230 1601 284 Poeni,
1635 229 1757 288 quid-

161 307 261 366 quid
292 307 389 351 ante
420 307 581 351 bellum
610 305 869 358 habuissent,
900 306 1207 361 retinerent43).

282 378 373 434 Qua
403 392 503 435 pace
535 379 661 432 facta,
695 390 822 434 quum
853 377 1076 436 Dionysius
1097 379 1308 435 Rhegium
1340 379 1488 423 Italiae
1520 390 1759 435 propugna-

151 452 324 506 culum,
367 452 474 508 quod
507 453 598 509 jam
626 452 718 496 '303
748 464 987 508 oppugnare
1018 452 1176 495 frustra
1205 453 1378 495 conatus
1415 453 1542 504 esset,
1581 451 1758 495 diversis

161 524 296 570 causis
329 522 629 584 commotusss)
663 523 795 567 denuo
827 536 864 567 a.
888 524 977 568 390
997 523 1227 578 invaderet,
1260 537 1286 568 a
1304 523 1512 582 Rheginis
1532 524 1758 569 Italorum-

161 612 240 654 que
270 600 391 643 sociis
422 611 579 654 magna
609 597 728 641 clade
760 598 931 652 accepta
973 599 1042 640 vix
1074 598 1364 652 captivitatem
1396 599 1546 654 effugit
1575 599 1757 641 hostium

162 671 217 725 et,
251 685 346 716 cum
379 670 558 715 Lucanis
589 669 754 715 foedere
775 669 897 723 facto,
931 669 1099 714 domum
1121 669 1260 714 rediit.
1315 669 1450 726 Quum
1475 671 1616 715 autem
1638 670 1759 715 audi-

160 746 290 789 visset
321 745 450 788 etiam
482 745 669 787 Lucanos
702 756 794 787 cum
827 744 950 786 Italis
988 744 1228 786 societatem
1264 745 1409 787 iniisse
1441 758 1537 787 cum
1568 745 1759 788 omnibus

160 817 247 862 fere
279 816 406 873 copiis
438 816 482 860 in
514 816 686 860 Italiam
717 815 893 860 tendens
926 814 1171 860 Cauloniam
1202 816 1376 861 obsedit.
1442 816 1600 873 Atque,
1631 816 1760 861 Helo-

161 891 252 933 ride
284 890 488 933 Italorum
519 891 731 933 unitorum
773 890 875 933 duce
905 891 951 932 in
983 889 1131 933 itinere
1163 890 1218 933 ad
1251 889 1473 933 Cauloniae
1504 890 1760 933 obsidionem

161 962 402 1007 solvendam
433 962 488 1006 ad
519 961 672 1006 flumen
700 961 1007 1019 Elloporumffi)
1039 962 1262 1018 improviso
1292 975 1498 1018 oppresso,
1531 962 1760 1012 01111111ὴο-

161 1036 272 1092 ginis
303 1036 539 1090 petentibus
571 1046 714 1091 pacem
745 1036 846 1079 fecit
877 1048 923 1079 eo
943 1035 1077 1091 pacto,
1110 1035 1171 1087 111,
1204 1036 1396 1079 omnibus
1427 1036 1759 1091 navibus-sep-

159 1107 585 1165 tuaginta—traditis
607 1108 853 1163 centumque
875 1107 1086 1151 obsidibus
1109 1108 1231 1160 datis,
1254 1109 1443 1153 trecenta
1465 1109 1674 1153 solverent:
1694 1109 1759 1152 ta-

161 1181 289 1225 lenta.
354 1181 492 1235 Quum
530 1180 679 1224 deinde
718 1179 959 1225 Cauloniam
1012 1182 1256 1238 occupatam
1298 1182 1490 1226 funditus
1527 1182 1758 1234 evertisset,

162 1268 285 1311 agros
317 1253 590 1298 Locrensibus
623 1253 793 1297 donavit
830 1254 940 1297 cives
985 1255 1125 1298 autem
1165 1254 1393 1312 Syracusas
1435 1256 1620 1299 abduxit.
1692 1250 1758 1299 01.

166 1327 407 1380 97‚4=389
420 1327 496 1384 46).
560 1317 700 1381 Atque
738 1339 865 1381 quum
905 1327 1068 1381 postero
1107 1340 1214 1370 anno
1252 1328 1365 1371 idem
1406 1327 1607 1383 Hipponii
1645 1328 1760 1384 agris

161 1400 401 1455 civibusque
433 1399 664 1450 accidisset,
696 1398 934 1455 Dionysius,
966 1412 1067 1454 pace
1097 1400 1372 1455 ignominiose
1394 1400 1574 1455 dirupta,
1606 1400 1760 1443 iterum

162 1472 216 1516 ad
248 1472 458 1528 Rhegium
490 1484 607 1514 arma
637 1471 739 1514 tulit
785 1462 956 1526 eamque
987 1484 1061 1526 per
1091 1472 1286 1515 undecim
1307 1485 1469 1516 menses
1489 1473 1601 1533 terra
1632 1473 1759 1515 mari-

163 1558 240 1601 que
272 1545 476 1589 inclusam
509 1556 750 1599 summaque
771 1557 911 1588 rerum
940 1544 1078 1600 inopia
1100 1544 1153 1588 311
1174 1534 1760 1601 internecionemperductam

163 1619 416 1675 expugnavit
447 1618 810 1673 expugnatamque
843 1617 998 1669 diruit,
1043 1617 1155 1661 cives
1187 1619 1329 1661 autem
1361 1619 1605 1674 superstites
1638 1618 1761 1675 Syra-

163 1691 272 1735 cusis
303 1691 379 1734 sub
417 1690 539 1734 hasta
578 1690 767 1733 vendidit
807 1690 973 1745 praeter
1010 1704 1078 1734 eos
1096 1724 1106 1742 ,
1154 1691 1225 1746 qui
1269 1691 1477 1734 libertatis
1520 1692 1761 1734 retinendae

163 1775 287 1805 causa
318 1763 479 1805 minam
510 1762 668 1805 solvere
700 1762 924 1817 potuerunt
945 1775 982 1804 a.
1008 1762 1095 1805 387
1106 1778 1116 1813 ;
1150 1763 1192 1805 01
1213 1763 1289 1806 1100
1310 1763 1620 1819 propugnaculo
1643 1764 1762 1819 capto

164 1836 288 1893 regni
319 1835 422 1880 fines
455 1836 509 1879 ad
542 1834 803 1880 Crotoniatas
834 1836 944 1891 ipsos
976 1849 1104 1891 usque
1135 1837 1389 1893 protulitss).

286 1907 483 1963 Sequitur
513 1908 611 1951 inde
643 1909 696 1951 ab
728 1908 803 1952 illo
833 1909 1018 1964 tempore
1055 1908 1276 1964 imperium
1316 1909 1452 1966 magis
1484 1909 1762 1966 tranquillum

166 1983 208 2027 et
249 1981 449 2038 quietum.
514 1981 595 2025 Sed
637 1995 716 2037 quo
753 1982 939 2037 tempore
976 1982 1184 2038 regnandi
1223 1982 1310 2026 eius
1350 1982 1557 2038 cupiditas
1596 1997 1677 2026 non
1718 1983 1763 2026 in

263 2139 311 2178 ⁴⁸)
347 2139 402 2176 cf.
433 2139 530 2176 Diod
553 2139 652 2182 XIV,
679 2139 735 2182 78,
755 2139 813 2181 87,
832 2139 891 2178 88,
910 2141 968 2182 90,
987 2140 1045 2183 95,
1064 2141 1121 2176 96.
1168 2140 1222 2175 De
1252 2140 1419 2186 singulis,
1451 2152 1542 2187 quae
1573 2142 1764 2178 commissa

165 2202 252 2237 sunt
269 2200 418 2247 proeliis
436 2200 480 2237 cf.
498 2200 659 2237 Niehues
677 2211 711 2246 p.
729 2200 777 2236 45
796 2212 873 2247 sqq.

263 2261 310 2307 44)
344 2260 398 2297 Ex
416 2260 548 2308 quibus
565 2261 682 2298 causis
707 2260 751 2297 cf.
770 2260 932 2296 Niehues
950 2272 984 2306 p.
1002 2261 1060 2298 48.

264 2322 311 2368 ⁴⁵)
346 2320 401 2358 cf.
431 2321 537 2358 Diod.
568 2321 668 2365 XIV,
700 2322 902 2359 100—104.
937 2321 1064 2369 Polyb.
1096 2322 1125 2366 I,
1157 2322 1190 2359 6.
1240 2322 1384 2359 Aeneae
1414 2322 1561 2360 Piliorc.
1593 2335 1622 2361 c.
1657 2325 1699 2361 11
1725 2325 1765 2361 in

166 2382 295 2429 Polyb.
313 2384 402 2418 tom.
419 2382 479 2418 ΙΙΙ
496 2382 551 2418 011.
570 2382 723 2419 Casaub.

264 2443 311 2489 ⁴⁰)
338 2442 393 2479 Cf.
412 2442 519 2479 Diod.
537 2443 637 2485 XIV,
666 2442 867 2482 105—106.
906 2443 1043 2479 Eodem
1069 2454 1162 2478 anno
1189 2443 1302 2479 etiam
1328 2444 1450 2487 Plato,
1478 2456 1588 2492 quum
1606 2444 1765 2482 Aetnam

166 2506 327 2540 montem
353 2503 541 2540 invisisset
567 2515 589 2540 a
614 2504 748 2546 Dione,
790 2505 854 2550 qui
892 2515 1029 2540 summo
1069 2515 1148 2539 cum
1182 2504 1306 2541 studio
1345 2506 1385 2542 in
1410 2506 1578 2542 Platonis
1604 2506 1764 2553 philoso-

84 2563 87 2566 ⁴
165 2564 292 2611 phiam
317 2564 572 2607 incumbebat,
606 2565 778 2611 Dionysii
816 2565 923 2600 venia
960 2565 1153 2600 arcessitus
1180 2565 1376 2612 Syracusas
1403 2567 1525 2611 venit;
1566 2566 1627 2604 sed
1653 2579 1765 2615 quum

166 2625 318 2662 liberius
334 2625 483 2663 ¹diceret
508 2627 569 2663 vix
594 2626 917 2672 mortemeffugit.
943 2624 998 2662 Cf.
1024 2625 1125 2662 Plut.
1151 2626 1248 2663 Dion
1274 2638 1303 2663 0.
1330 2627 1436 2664 4-5.
1463 2628 1572 2664 Plato
1598 2640 1651 2675 ep.
1679 2628 1764 2665 VII.

166 2686 275 2732 Diog.
302 2685 424 2723 Laert.
451 2687 523 2730 III,
551 2689 583 2730 1,
613 2688 668 2724 14.
695 2686 836 2725 Cornel.
863 2687 953 2733 Nep.
979 2687 1077 2723 Dion
1104 2699 1131 2724 c.
1160 2689 1193 2724 2.
1220 2688 1355 2725 Athen.
1383 2689 1446 2725 XI.
1473 2701 1506 2735 p.
1534 2689 1616 2726 507.
1644 2690 1764 2726 Tzetz.

168 2746 262 2785 Chil.
289 2747 334 2783 X.
361 2759 394 2783 v.
421 2749 493 2785 870
518 2760 595 2796 sqq.
622 2748 666 2792 V,
695 2749 774 2785 148.
808 2747 950 2784 Bardili
975 2747 1022 2784 ad
1047 2748 1187 2785 Cornel.
1214 2749 1346 2796 Nepot.
1372 2750 1467 2786 Dion
1494 2761 1522 2786 c.
1550 2751 1583 2787 2.
1623 2750 1765 2788 Corsini

169 2807 197 2844 F
199 2810 269 2845 ast.
294 2807 410 2845 Attio.
436 2808 505 2844 111.
531 2821 565 2855 p.
591 2810 673 2847 304.
928 2847 932 2851 .

264 2869 313 2916 ⁴⁷)
338 2866 394 2906 Cf.
419 2868 525 2906 Diod.
552 2870 652 2914 XIV,
679 2870 881 2908 107—112.
908 2870 1035 2907 Justin
1059 2871 1140 2915 XX,
1167 2872 1202 2908 5.
