1916 3085
926 64 953 111 8

113 185 298 231 ‘domum
331 185 414 231 sibi
435 186 721 245 adstringeret
742 186 1043 245 obligaretque.
1097 187 1261 234 Deinde
1292 202 1434 246 quum,
1466 189 1515 235 ut
1535 202 1579 236 se
1599 187 1737 248 virum

129 259 308 316 imperio
341 260 520 318 dignum
550 262 799 318 praestaret,
834 260 1206 320 Carthaginienses
1238 276 1260 307 e
1291 263 1381 307 tota
1412 263 1559 308 Sicilia
1588 263 1739 322 ejicere

126 334 415 379 constituisset
455 334 584 379 Gelae
621 336 738 389 urbi,
786 348 890 392 quae
928 336 981 379 ab
1013 335 1234 389 Imilcone,
1284 335 1523 393 Agrigento
1562 349 1657 381 vere
1697 349 1735 380 a.

126 407 217 451 405
248 407 443 451 funditus
475 421 639 461 everso,
679 409 845 453 obsessa
880 408 1123 461 tenebatur,
1163 407 1319 451 auxilio
1356 408 1493 461 venit,
1533 409 1607 452 sed
1644 410 1738 464 post

125 478 285 536 viginti
317 479 406 524 dies
438 480 599 524 frustra
630 481 895 537 consumptos
927 488 970 524 et
999 479 1090 536 ipso
1122 493 1146 523 a
1178 479 1349 534 Poenis,
1382 480 1495 534 fuso,
1535 480 1637 526 haec
1669 494 1737 526 ex—

125 551 284 607 peditio
315 566 362 596 eo
394 552 517 596 finita
548 554 632 605 est,
666 554 715 596 ut
747 554 946 597 Gelenses
979 567 1001 597 e
1033 553 1385 607 Selinuntiorum,
1407 541 1752 597 'Himeraeorum‘

125 623 588 682 Agrigentinorumque
634 625 820 682 exemplo
862 625 1047 682 patriam
1092 626 1392 683 relinquerent.
1462 625 1602 683 Atque
1638 625 1737 671 hinc

127 696 397 741 Camarinam
434 699 646 755 profectus
686 698 748 742 ibi
786 712 945 755 quoque
988 699 1101 743 cives
1140 712 1236 743 cum
1275 699 1471 744 uxoribus
1511 700 1554 743 et
1591 698 1736 743 liberis

127 784 253 827 quam
285 771 502 816 celerrime
534 771 759 829 Syracusas
791 772 978 829 migrare
1010 773 1228 829 coegit30).
1291 772 1382 827 Qua
1402 772 1558 829 agendi
1578 771 1737 816 ratione

125 843 207 899 ipsi
239 843 399 887 milites
431 843 533 888 adeo
565 844 803 887 exacerbati
834 845 952 897 sunt,
991 845 1040 887 ut
1077 845 1220 888 Italici
1258 845 1359 889 socii
1397 845 1566 888 domum
1604 844 1737 888 disce-
1798 839 1801 844 ’

126 915 273 960 derent
304 916 348 960 et
379 915 732 973 Syracusanorum
767 916 926 974 equites
968 918 1096 962 citato
1135 931 1258 962 cursu
1298 917 1524 975 Syracusas
1560 916 1736 961 festina-

125 990 222 1033 rent
253 990 297 1034 et
328 989 521 1047 Dionysii
564 1003 732 1034 uxorem
772 990 861 1033 tam
899 990 1017 1034 foede
1058 990 1362 1046 crudeliterque
1399 990 1651 1042 tractarent,
1689 989 1737 1032 ut

126 1062 299 1107 sibimet
330 1061 421 1119 ipsa
453 1062 729 1108 conscisceret
760 1063 1018 1121 mortem31).
1069 1063 1157 1118 Quo
1188 1063 1333 1107 audito
1364 1062 1591 1121 Dionysius
1622 1075 1736 1107 sum-

123 1149 194 1180 ma
225 1135 290 1180 ira
322 1135 517 1180 incensus
550 1149 646 1180 cum
678 1137 850 1180 centum
882 1137 1048 1181 dilectis
1080 1136 1289 1193 equitibus
1322 1137 1365 1180 et
1392 1136 1597 1181 sexcentis
1618 1135 1736 1193 pedi-

124 1208 255 1262 tibus,
289 1222 416 1265 quam
447 1209 641 1253 maximis
674 1208 897 1253 itineribus
930 1210 1156 1268 Syracusas
1187 1223 1424 1267 properans,
1458 1223 1589 1266 quum
1608 1209 1734 1253 noctu

124 1282 271 1326 urbem
293 1282 588 1339 ingrederetur
609 1281 804 1326 inimicos
825 1283 1093 1339 necopinatos
1115 1284 1189 1327 aut
1209 1283 1440 1327 trucidavit
1467 1283 1541 1326 aut
1562 1281 1734 1338 expulit,

124 1355 186 1399 ita
217 1355 278 1408 ut,
313 1368 443 1411 quum
474 1354 612 1411 primo
645 1355 830 1400 diluculo
864 1357 1025 1400 ceterae
1057 1355 1406 1400 mercenariorum
1438 1356 1630 1399 catervae
1661 1353 1736 1398 ad-

124 1427 339 1472 venissent
391 1428 516 1483 atque
555 1427 755 1472 Gelenses
801 1427 1145 1484 Camarinaeique
1196 1442 1221 1472 a
1258 1428 1459 1485 Dionysio
1509 1426 1736 1471 abalienati

127 1500 355 1544 Leontinos
387 1499 591 1543 abiissent
623 1500 783 1555 equites
815 1501 977 1553 autem,
1032 1501 1103 1556 qui
1141 1501 1311 1545 caedem
1351 1500 1586 1557 effugerant
1630 1499 1738 1543 Aet-

130 1585 230 1616 nam
263 1585 307 1616 se
340 1572 683 1629 contulissent32)
717 1573 940 1628 imperium
960 1573 1124 1617 firmius
1146 1574 1269 1627 esset,
1303 1587 1430 1630 quam
1452 1574 1586 1625 antea,
1619 1584 1738 1628 prae-

129 1645 278 1690 sertim
309 1659 439 1701 quum
480 1645 610 1689 etiam
647 1644 796 1690 Imilco
835 1646 1125 1691 verisimiliter
1162 1647 1407 1703 pestilentia
1443 1647 1521 1690 illa
1557 1645 1737 1703 ingenti,

127 1719 355 1776 perductus
394 1731 540 1775 pacem
577 1732 674 1762 cum
713 1731 759 1763 eo
803 1719 962 1764 faceret
1004 1720 1071 1764 his
1117 1720 1443 1772 conditionibus,
1489 1720 1537 1763 ut
1574 1722 1739 1775 praeter

128 1792 332 1849 pristinas
372 1791 767 1849 Cathaginiensium
805 1793 1081 1848 possessiones
1121 1793 1282 1845 Sicani,
1321 1792 1566 1845 Selinuntii,
1610 1791 1741 1848 Agri-

130 1864 316 1923 gentini,
349 1864 567 1908 Himeraei
598 1864 644 1907 in
676 1878 819 1908 eorum
852 1864 1010 1909 ditione
1042 1879 1089 1910 ae
1120 1866 1327 1921 potestate
1360 1866 1516 1918 essent,
1552 1864 1741 1909 Gelensi-

129 1939 208 1981 bus
241 1938 283 1981 et
316 1936 603 1981 Camarinaeis
636 1937 818 1993 expulsis
851 1938 896 1981 in
927 1939 1051 1982 urbes
1084 1951 1199 1992 suas,
1234 1938 1365 1982 muris
1398 1936 1571 2000 dirutis,
1604 1936 1741 1980 redire

130 2010 300 2062 liceret,
336 2009 372 2053 si
403 2009 553 2054 Poenis
585 2010 814 2067 vectigalia
845 2011 1073 2064 solverent3
1113 2011 1309 2055 Leontini
1340 2024 1437 2055 vero
1469 2011 1511 2054 et
1541 2008 1744 2053 Messanii

133 2096 356 2139 omnesque
397 2082 529 2128 Siculi
568 2082 634 2127 sui
674 2082 783 2139 juris
829 2084 987 2135 essent;
1032 2083 1282 2141 Syracusani
1320 2082 1521 2140 Dionysio
1564 2082 1743 2138 tyranno

133 2156 364 2202 obedirent.
400 2156 467 2201 Ol.
502 2157 833 2214 93‚4=405³³).
896 2157 1005 2201 Pace
1043 2156 1158 2200 facta
1196 2155 1381 2212 primum
1417 2155 1473 2199 ad
1510 2154 1642 2211 ipsius
1678 2167 1743 2199 re-

136 2243 268 2286 gnum
299 2229 574 2273 muniendum
597 2229 821 2287 Ortygiam
852 2244 878 2273 a
906 2231 1045 2273 cetera
1081 2229 1179 2272 urbe
1210 2228 1393 2285 sejunxit
1423 2240 1595 2283 eamque
1626 2240 1745 2270 muro

136 2303 180 2346 et
209 2302 398 2346 turribus
431 2301 731 2356 circumdedit,
770 2302 864 2346 tum
895 2302 940 2345 in
971 2301 1063 2358 ipsa
1093 2301 1250 2354 insula,
1290 2302 1339 2345 ut
1370 2300 1573 2345 seditione
1604 2300 1745 2344 exorta

138 2388 181 2419 se
219 2375 404 2431 recipere
445 2375 596 2430 posset,
628 2374 891 2430 Acropolim,
924 2387 1028 2430 quae
1059 2375 1249 2427 vocatur,
1289 2374 1371 2418 sibi
1402 2373 1604 2418 exstruxit
1632 2373 1746 2416 11160-

136 2449 273 2505 lisque
304 2448 403 2492 inde
436 2447 617 2503 expulsis
650 2460 791 2491 eorum
824 2446 964 2491 domos
996 2446 1143 2491 amicis
1177 2445 1363 2500 donavit,
1397 2446 1548 2491 deinde
1569 2446 1746 2502 Syracu-

240 2641 288 2687 80)
322 2639 503 2677 6111101
524 2640 631 2682 xm,
651 2641 853 2676 ios—112.
889 2640 1051 2676 Niehues
1067 2652 1101 2686 p.
1121 2640 1168 2676 18
1184 2651 1262 2686 sqq.

242 2701 289 2746 ⁸¹)
324 2700 380 2738 Cf.
398 2700 506 2737 Diod.
526 2701 634 2745 XIII,
654 2701 735 2738 112.
772 2699 871 2736 Plut.
890 2700 999 2737 Dion.
1018 2712 1046 2737 c.
1065 2702 1099 2738 3.

243 2762 290 2809 ³²)
326 2761 380 2799 Cf.
400 2762 507 2799 Diod.
527 2762 631 2805 XIII,
652 2763 733 2799 113.
769 2761 932 2808 Xenoph.
954 2762 1051 2798 Hell.
1071 2762 1120 2805 II,
1139 2763 1173 2804 3,
1193 2762 1226 2798 5.

243 2822 290 2870 ³⁸)
325 2821 381 2859 Cf.
399 2821 508 2859 Diod.
526 2822 633 2866 XIII,
653 2822 734 2860 114.
