1916 3085
951 63 1007 117 1⁶7

179 196 327 240 norum
356 183 577 251 myriades,
610 194 981 240 armamentarium
1012 194 1305 254 catapultis5),
1337 194 1594 248 thoracibuS,
1627 188 1787 251 clipeis,

179 266 434 326 pugionibus
447 301 458 321 ‚
491 267 639 326 galeis,
672 268 774 325 quid
805 268 913 325 quod
944 269 1074 314 armis
1105 269 1149 313 et
1177 267 1277 313 telis
1310 267 1589 325 cuiuscunque
1620 266 1788 325 generis

180 340 224 384 et
260 353 310 385 ex
347 340 464 385 vario
507 342 742 386 structurae
772 354 924 398 genere
955 341 1194 395 elaboratis,
1226 341 1443 395 refertum,
1477 341 1541 386 ita
1574 342 1624 386 ut
1654 339 1789 385 nemi-

180 425 277 457 nem
309 413 372 472 ,01
402 413 595 459 resistere
638 413 821 470 potuisse
862 413 1103 459 credideris.
1184 412 1345 470 Quibus
1385 414 1510 458 rebus
1543 412 1788 470 praemissis

176 485 266 544 jam
297 487 556 533 transeamus
588 486 642 532 ad
672 499 739 532 res
771 486 961 545 singulas
992 487 1045 532 ab
1088 500 1135 532 00
1165 487 1322 545 gestaS.

301 560 561 617 Simulatque
591 559 816 617 Dionysius
846 561 983 605 minor
1025 560 1137 617 patri
1177 559 1378 605 successit
1392 594 1402 614 ,
1435 561 1628 605 concione
1660 560 1786 605 advo·

180 634 286 687 cata,
318 633 565 678 adhortatus
595 633 659 677 est
688 633 901 690 populum,
934 633 983 676 ut
1013 645 1138 689 quam
1168 632 1294 688 patri,
1327 632 1456 676 etiam
1488 633 1571 677 sibi
1600 634 1787 690 praesta-

120 732 124 736 ·
179 706 273 750 rent
318 705 648 750 benevolentiam
661 739 673 759 ,
726 705 780 750 ad
821 717 944 762 quam
992 704 1297 749 conciliandam
1352 717 1548 749 nexorum
1599 705 1653 749 ad
1703 705 1788 750 tria

179 778 298 822 milia
335 790 519 822 carceres
549 777 781 835 relinquere
810 777 931 835 Jubet
967 777 1207 834 tributaque
1238 777 1389 834 populo
1433 791 1508 834 per
1555 778 1788 823 triennium

179 850 388 905 remittit,
432 851 474 895 et
525 851 836 909 quibuscunque
872 850 1166 896 delenimentis
1213 850 1369 907 potest,
1425 850 1562 896 allicit
1602 851 1790 897 omnium

180 923 396 982 (1111111036).
433 922 640 969 'Paterno
680 925 820 969 funeri
867 924 1007 969 omnia
1043 924 1160 982 justa
1199 923 1326 969 solvit
1371 924 1494 969 tanta
1541 938 1693 982 pompa
1738 938 1786 970 ac

181 996 397 1053 splendore
434 997 482 1040 ut
512 1010 638 1055 rogus
670 998 713 1041 et
743 997 923 1053 sepulcri
954 997 1270 1043 monumentum
1312 997 1454 1050 ebore,
1498 1010 1598 1042 auro
1629 1011 1785 1055 purpu-

179 1081 306 1125 raque
348 1069 402 1112 ad
432 1070 597 1125 portas,
637 1082 741 1125 quae
788 1070 1008 1123 vocantur,
1040 1068 1180 1126 regias
1212 1068 1257 1112 in
1282 1068 1478 1126 insula⁷)
1531 1070 1788 1115 exstructum

180 1141 383 1186 conditori
414 1141 583 1186 Timaeo
615 1142 784 1187 cuidam
815 1143 1028 1187 aeternam
1059 1141 1325 1185 vindicarent
1357 1141 1594 1200 gloriamss).
1789 1142 1804 1144 ‘⁷

301 1214 390 1270 Quo
416 1216 584 1271 peracto
614 1215 839 1273 Dionysius
879 1214 935 1259 ad
965 1228 1031 1259 res
1073 1214 1278 1272 gerendas
1317 1214 1482 1270 ineptus
1496 1249 1506 1268 ,
1546 1216 1595 1259 ut
1627 1216 1789 1260 bellum

180 1301 276 1332 cum
305 1287 478 1341 Poenis,
527 1288 635 1344 quod
666 1301 692 1332 a
722 1288 842 1344 patre
873 1300 910 1331 a.
945 1287 1032 1331 368
1066 1287 1294 1331 excitatum
1336 1287 1454 1343 quasi
1485 1288 1788 1332 hereditarium

179 1360 354 1416 accepit,
387 1360 599 1416 animique
629 1361 678 1403 ut
709 1361 800 1404 erat
830 1359 1008 1415 pacifici,
1041 1360 1096 1403 ad
1128 1359 1254 1402 finem
1276 1359 1522 1415 perduceret
1553 1362 1783 1405 amicorum

179 1433 427 1477 conventum
460 1432 715 1477 convocavit.
764 1432 855 1482 Hoc
885 1445 983 1477 vero
1014 1431 1173 1476 bellum
1204 1444 1277 1487 per
1310 1431 1412 1476 duos
1443 1433 1662 1488 sequentes
1694 1433 1786 1490 qui—

178 1505 274 1551 dem
315 1518 445 1549 annos
485 1505 587 1549 licet
618 1518 700 1549 11011
731 1504 890 1561 insigni
927 1505 1070 1549 labore
1101 1504 1350 1561 perductum
1372 1518 1461 1550 esse
1491 1507 1606 1561 puto,
1639 1520 1787 1562 quam-

178 1591 302 1634 quam
348 1576 471 1621 Diod.
520 1577 636 1631 XVI,
685 1578 712 1622 6
744 1590 841 1622 eum
880 1576 1031 1621 Poenis
1078 1590 1224 1634 pacem
1266 1577 1425 1622 factam
1457 1591 1545 1622 esse
1578 1578 1696 1623 dicit.
1730 1579 1784 1623 cf.

176 1650 287 1695 infra
327 1664 368 1707 p.
412 1651 483 1694 31.
546 1650 679 1694 Paulo
715 1650 808 1707 post
849 1663 945 1695 cum
987 1649 1168 1695 Lucanis
1210 1663 1368 1706 quoque
1415 1650 1576 1694 bellum
1614 1651 1782 1704 exarsit,

176 1723 307 1780 quod,
340 1724 561 1780 postquam
592 1722 854 1780 aliquamdiu
884 1736 1047 1767 summa
1079 1736 1175 1767 cum
1207 1721 1472 1780 negligentia
1504 1724 1672 1781 gestum
1704 1725 1783 1777 est,

176 1796 364 1852 quamvis
405 1797 611 1851 postremo
654 1809 676 1840 0
717 1797 885 1852 proeliis
926 1796 1140 1841 nonnullis
1181 1797 1366 1852 superior
1413 1796 1631 1850 evaderet,
1669 1796 1785 1854 pacis

177 1867 435 1913 conditiones
472 1868 696 1925 percupide
733 1869 970 1926 amplexus,
1014 1868 1166 1914 finivit.
1230 1868 1315 1913 Sed
1356 1881 1408 1913 ne
1445 1870 1783 1925 praetermittam

175 1940 346 1999 insigne
383 1941 493 1985 illud
534 1955 635 1998 opus
676 1942 869 1999 omnique
916 1942 1041 1988 laude
1084 1942 1260 1999 dignum
1316 1942 1634 1986 memorandum
1692 1956 1781 1988 esse

175 2014 366 2072 equidem
387 2026 546 2069 censeo,
579 2015 718 2072 ipsum
749 2015 894 2060 eodem
924 2016 1109 2073 tempore
1141 2016 1183 2059 et
1214 2014 1382 2072 quidem
1414 2014 1703 2060 verisimiliter
1734 2017 1779 2059 in

270 2160 300 2207 5)
337 2159 470 2197 Aelian
510 2159 550 2196 ll.
592 2159 685 2197 falso
727 2161 934 2198 confirmat:
976 2160 1018 2206 „5
1058 2161 1100 2197 δὲ
1137 2160 1357 2207 καταπέλτης
1395 2160 1540 2209 εὕρημα
1578 2153 1627 2207 ἦν
1664 2159 1779 2197 αὐτοῦ

173 2219 382 2256 Διονυσίου<<
424 2222 486 2268 (30.
528 2222 712 2269 δευτέρου)
737 2226 875 2270 'quum
916 2224 1036 2259 artem
1085 2222 1369 2268 catapultariam
1417 2221 1599 2268 Dionysio
1640 2223 1778 2259 maiore

171 2282 350 2329 regnante
375 2281 565 2319 inventam
603 2282 663 2319 vel
693 2284 738 2320 ut
761 2282 893 2321 melius
931 2282 1051 2320 dicam
1076 2279 1307 2320 emendatam
1340 2283 1453 2330 atque
1478 2281 1662 2319 excultam
1687 2293 1775 2327 esse,

171 2345 325 2380 constet.
351 2342 396 2380 cf.
422 2355 530 2391 supra
554 2356 589 2391 p.
619 2345 675 2382 10.

267 2404 297 2451 ⁶)
323 2402 378 2441 cf.
403 2400 511 2440 Diod.
537 2402 616 2441 XV.
645 2404 701 2441 74.
728 2403 856 2441 Justin
881 2402 983 2449 XXI,
1011 2406 1043 2442 1.

268 2463 297 2511 ⁷)
323 2464 382 2501 Sic
408 2462 506 2500 enim
545 2467 648 2501 verto
686 2466 777 2502 κατὰ
811 2466 881 2512 τὴν
918 2463 1117 2514 ἀκρόπολιν
1141 2464 1231 2514 πρὸς
1255 2463 1333 2504 ταῖς
1357 2463 1511 2511 ,saccata
1533 2463 1775 2514 καλουμέναις

169 2524 321 2567 animes,-
358 2535 444 2560 nam
483 2524 569 2571 quia
601 2535 665 2561 arx
703 2526 779 2563 sive
813 2522 1049 2574 ,,ἇκρόπολις“
1085 2526 1206 2574 1101101·
1242 2525 1359 2561 1011113
1397 2525 1540 2561 insulae
1576 2536 1660 2572 pars
1685 2524 1772 2570 fuit,

168 2595 301 2622 nomen
325 2585 449 2632 regiae
474 2595 539 2633 pro
564 2586 646 2623 tota
671 2583 792 2635 insula
817 2587 978 2635 positum
1004 2588 1072 2625 est.
1114 2586 1253 2634 Regiae
1278 2586 1404 2623 autem
1428 2587 1556 2634 portae
1581 2588 1670 2624 sunt
1695 2597 1771 2631 eae,

168 2644 302 2694 quibus
325 2645 536 2683 Achradina
573 2651 763 2694 separatur
800 2647 847 2684 ab
885 2648 1006 2686 insula
1043 2648 1121 2686 sive
1151 2647 1310 2695 Ortygia
1347 2646 1393 2683 cf.
1418 2648 1535 2683 etiam
1566 2646 1671 2685 Cluv.
1699 2647 1769 2684 Sic.

167 2709 245 2745 aut.
270 2706 301 2744 I.
326 2717 361 2754 p.
388 2707 469 2745 156.
602 2744 606 2748 .

263 2769 294 2817 Β)
319 2765 427 2806 Diod.
453 2766 533 2814 XV,
561 2769 618 2807 73.
656 2769 756 2806 Plnt.
788 2768 912 2818 Pelop.
946 2781 975 2808 c.
1001 2770 1060 2808 34.
1098 2770 1232 2808 Athen.
1271 2769 1311 2815 V,
1336 2769 1396 2807 40.
1439 2768 1550 2808 Rhet.
1584 2767 1709 2807 Graec.
1736 2769 1767 2807 1.

164 2839 200 2882 p.
225 2829 310 2870 164.
335 2825 485 2869 Philist.
510 2827 642 2880 fragm.
666 2830 716 2870 42
741 2828 797 2869 ed.
822 2827 949 2870 Didet.

1445 2893 1474 2941 2
