1916 3085
923 65 980 116 41

720 267 910 333 Pars
938 266 1171 333 tertia.

186 370 311 454 Quae
347 390 594 455 Dionysius
631 390 753 442 inter
791 390 1006 442 exsilium
1043 392 1090 442 et
1126 392 1231 455 post
1268 388 1508 453 imperium
1544 387 1713 438 iterum

224 550 227 552 ¹
307 484 525 553 adeptum
563 486 723 539 fecerit
760 487 818 538 ad
855 488 1048 538 alteram
1088 502 1230 551 usque
1268 486 1596 552 expulsionem.

797 703 1105 771 canuti

501 813 681 869 Qualis
713 813 890 858 fuerit
921 812 1202 869 Dionysius
1233 811 1395 856 exsul.

268 921 469 980 Dionysio
499 923 679 985 tyranno
710 922 890 979 expulso,
922 921 1071 970 statim
1102 921 1213 966 inter
1244 919 1514 965 Heraclidem
1547 918 1747 963 Dionem-

146 1007 225 1049 que
256 995 539 1039 contentiones
570 995 831 1051 adipiscendi
862 1008 1069 1038 summam
1100 993 1287 1054 imperii,
1321 1006 1410 1037 esse
1431 993 1596 1035 futuras
1628 1003 1750 1034 nemo

147 1066 250 1119 erat,
283 1066 384 1123 quin
415 1067 681 1122 perspiceret.
745 1067 858 1111 Nam
889 1067 938 1109 ut
968 1065 1060 1122 quis
1092 1066 1145 1110 ab
1177 1066 1256 1110 hac
1287 1065 1354 1110 vel
1386 1065 1440 1109 ab
1461 1065 1598 1109 altera
1629 1064 1748 1120 parte

147 1138 306 1193 stabat,
349 1139 411 1183 ita
447 1139 545 1184 huic
584 1139 651 1184 vel
683 1139 750 1183 illi
781 1138 963 1183 favebat.
1036 1139 1179 1183 Primo
1224 1138 1393 1195 quidem
1436 1138 1548 1182 Dion
1593 1136 1750 1181 maiore

146 1211 286 1256 floruit
317 1212 567 1257 auctoritate
600 1225 726 1269 quam
756 1212 1025 1266 Heraclides,
1072 1212 1224 1269 quippe
1257 1211 1348 1269 qui,
1392 1211 1583 1268 quamvis
1614 1209 1750 1268 plebis

146 1299 265 1330 carus
297 1287 430 1338 esset,
475 1286 584 1342 quod
626 1286 812 1343 segniori
850 1286 1160 1342 remissiorique
1199 1286 1390 1330 custodia
1421 1285 1670 1342 Dionysium
1701 1297 1750 1328 ex

145 1371 239 1403 arce
271 1358 445 1403 evadere
478 1358 657 1412 sivisset,
691 1359 957 1404 vehementer
989 1359 1268 1412 accusaretur,
1301 1358 1411 1402 unde
1434 1357 1561 1411 venit,
1594 1358 1642 1401 ut
1662 1357 1750 1414 ple-

145 1432 210 1476 bis
241 1432 383 1476 favore
414 1445 508 1475 mox
541 1432 763 1476 decideret.
827 1432 947 1475 Idem
978 1444 1094 1483 vero,
1128 1432 1175 1474 ut
1206 1432 1317 1475 hunc
1349 1431 1430 1475 sibi
1461 1430 1751 1475 reconciliaret

145 1503 349 1557 favorem,
392 1517 590 1561 agrorum
629 1503 935 1555 distributioni,
980 1503 1192 1549 libertatis
1234 1504 1585 1560 aequalitatisque
1628 1502 1750 1547 initio

145 1577 197 1620 ab
229 1576 421 1633 Hippone
453 1577 633 1633 quodam
663 1578 824 1634 prolati
856 1577 979 1621 valde
1011 1577 1203 1629 favebat,
1245 1591 1372 1633 quum
1414 1577 1522 1621 Dion
1567 1589 1751 1621 summo-

145 1662 242 1706 pere
273 1651 582 1707 repugnaretl).
648 1650 737 1705 Quo
767 1651 926 1694 factum
961 1651 1038 1704 est,
1071 1651 1119 1693 ut
1150 1651 1274 1704 Dion,
1307 1650 1378 1707 qui
1409 1651 1488 1694 hac
1519 1650 1662 1706 utique
1690 1663 1748 1702 re,

145 1722 342 1766 libertate
372 1719 547 1778 prorsus*
570 1737 785 1779 oppressa,
826 1723 1096 1780 tyrannidem
1127 1725 1315 1779 expetere
1347 1724 1460 1767 recte
1491 1736 1572 1766 non
1604 1722 1748 1778 paucis

145 1794 378 1848 videretur,
421 1795 464 1838 in
502 1808 718 1852 procerum
755 1795 983 1849 invidiam,
1024 1796 1167 1840 odium
1199 1796 1342 1852 populi
1376 1795 1577 1840 incideret
1607 1796 1747 1851 atque,

147 1881 271 1924 quum
306 1868 461 1925 viginti
492 1868 673 1925 quinque
703 1870 926 1925 praetores,
959 1869 1030 1925 qui
1061 1870 1157 1913 urbi
1187 1870 1417 1925 praessent,
1450 1882 1472 1913 e
1499 1869 1619 1925 plebe
1638 1860 1750 1912 'deli-

147 1942 345 1999 gerentur
359 1975 369 1994 ‚
412 1955 585 1998 quorum
628 1955 735 1986 unus
773 1941 1019 1987 Heraclides
1060 1943 1169 1996 erat,
1202 1942 1300 1999 'ipse
1341 1955 1423 1987 non
1464 1942 1691 1999 eligeretur
1699 1942 1747 1999 ²).

148 2014 239 2069 Qua
269 2028 313 2058 re
345 2015 573 2059 commotus
604 2015 952 2071 mercenariisque
983 2015 1213 2068 militibus,
1255 2014 1326 2071 qui
1366 2014 1420 2058 ad
1458 2014 1541 2057 tria
1572 2014 1694 2057 milia
1727 2027 1749 2056 e

145 2087 426 2143 Peloponneso
457 2088 669 2142 venerant,
702 2088 931 2144 quibusque
964 2088 1173 2145 stipendia
1206 2088 1348 2132 debita
1379 2088 1430 2131 ob
1459 2087 1647 2131 civitatis
1680 2087 1746 2130 in-

147 2159 383 2217 digentiam
413 2173 496 2204 non
527 2161 808 2214 solvebantur,
842 2162 1085 2215 excitatus,
1101 2161 1271 2219 ingrata
1303 2161 1403 2204 urbe
1435 2173 1530 2204 cum
1562 2159 1650 2203 illis
1682 2173 1748 2204 re-

146 2233 249 2277 licta
281 2232 631 2290 Syracusanisque
661 2235 1003 2291 persequentibus
1035 2235 1081 2278 in
1112 2236 1200 2291 ipso
1231 2235 1381 2278 itinere
1404 2233 1595 2288 devictis,
1628 2234 1748 2290 quasi

147 2306 302 2350 iterum
333 2306 449 2350 exsul
480 2306 534 2349 ad
566 2306 789 2351 Leontinos
822 2320 866 2351 se
896 2308 1096 2361 contulit,
1127 2322 1152 2351 a
1184 2307 1331 2363 quibus
1363 2319 1444 2350 non
1477 2306 1611 2351 solum
1644 2306 1746 2363 ipse,

147 2392 292 2422 verum
326 2378 456 2422 etiam
487 2379 736 2423 mercenarii
766 2379 926 2424 milites
968 2381 1010 2425 et
1051 2379 1271 2436 stipendiis
1310 2379 1354 2422 et
1392 2378 1564 2423 civitate
1604 2379 1749 2423 donati

149 2451 302 2510 suntss).
722 2461 726 2464 ’

246 2583 274 2629 ¹)
300 2583 373 2621 Sed
396 2583 515 2621 nihilo
531 2584 653 2622 minus
669 2595 839 2631 agrorum
856 2584 1015 2632 partitio
1032 2584 1237 2622 constituta
1255 2586 1323 2621 est.
1349 2583 1519 2623 Cf.P1ut.
1534 2585 1631 2623 Dion
1644 2597 1672 2623 c.
1687 2586 1747 2624 48.

246 2643 275 2691 ²)
300 2645 400 2683 Plut.
427 2645 525 2683 Dion
550 2658 578 2683 c.
606 2647 654 2684 38
678 2646 744 2683 hos
768 2648 956 2693 praetores
980 2647 1115 2695 θέρους
1138 2647 1339 2695 μεσοῦντος
1371 2658 1450 2685 esse
1475 2650 1618 2685 creatos
1644 2647 1748 2692 dicit,

147 2705 255 2753 paulo
280 2706 400 2752 igitur
424 2709 514 2755 post.
532 2708 703 2755 Dionysii
728 2719 747 2744 e
772 2707 960 2755 Syracusis
986 2708 1203 2745 eiectionem
1228 2708 1403 2746 archonte
1428 2709 1588 2747 Athenis
1604 2709 1746 2757 Elpine.

149 2765 205 2805 01.
235 2768 317 2811 106,
347 2768 367 2804 1
392 2784 441 2800 =
466 2769 538 2806 356
564 2768 608 2805 cf.
634 2768 741 2805 Diod.
768 2768 868 2813 XVI,
895 2769 953 2813 15,
981 2770 1038 2806 17.
1066 2769 1218 2807 Clinton
1243 2769 1282 2806 11.

245 2827 276 2874 ³)
302 2827 357 2872 cf.
384 2828 491 2867 Diod.
519 2830 620 2875 XVI,
648 2831 703 2868 17.
731 2830 831 2867 Plut.
857 2830 964 2868 Dion.
992 2842 1020 2867 c.
1046 2830 1202 2869 38—40.
