1916 3085
937 118 997 168 53

165 260 262 293 nem
291 245 563 302 miseriasque
595 243 749 290 diserte
782 243 1068 300 explicassent,
1102 241 1309 288 Corinthii
1340 241 1480 287 dolore
1510 238 1676 293 affecti,
1715 237 1765 283 ut

167 318 350 366 coloniae
381 317 695 371 auxiliarentur,
729 316 1032 361 Timoleontem
1064 318 1201 361 virum
1234 317 1277 360 et
1307 316 1368 360 rei
1388 313 1590 358 militaris
1611 311 1766 370 peritia

166 393 210 437 et
240 390 396 435 virtute
431 390 733 447 praestantem,
765 388 981 446 tyrannidi
1010 402 1108 433 vero
1138 390 1227 432 tam
1259 388 1475 441 infestum,
1508 387 1557 430 ut
1587 386 1765 430 fratrem

164 464 305 521 ipsum
325 464 624 520 Timophanem
644 475 737 506 eam
750 462 1015 506 affectantem
1030 461 1294 513 trucidasset,
1311 460 1458 504 ducem
1482 458 1761 516 elegerunt-⁷³).

284 536 462 589 Interea,
484 549 615 592 quum
634 534 850 578 Timoleon
874 533 1053 578 classem
1074 533 1304 577 exstrueret
1325 534 1369 576 et
1389 533 1444 576 ad
1464 532 1762 588 profectionem

164 609 345 666 pararet,
378 608 585 655 Corinthii
614 607 780 652 litteras
810 607 863 651 ab
894 605 1047 650 Hiceta
1078 606 1337 662 acceperunt,
1359 618 1463 661 quae
1495 603 1765 648 continebant

165 683 271 734 tum,
310 694 362 725 ne
393 682 551 725 frustra
581 680 884 737 fatigarentur,
931 692 1034 723 neve
1065 678 1326 733 expeditione
1357 678 1403 720 in
1434 677 1624 721 Siciliam
1654 677 1765 731 peri-

167 754 262 799 cula
293 754 501 807 subirent,
539 766 667 810 quum
704 752 833 796 Poeni
870 752 993 809 longe
1024 751 1190 807 lateque
1227 764 1321 794 eam
1355 751 1446 807 jam
1481 749 1764 805 occupassent,

164 828 280 880 tum,
319 828 367 870 ut
397 826 486 883 ipse
517 826 606 869 illis
637 839 681 869 se
712 825 950 869 consocians
982 825 1027 868 id
1056 825 1221 881 ageret,
1254 824 1316 876 ut,
1350 822 1550 880 Dionysio
1582 822 1785 877 expulsoL

169 899 386 957 Syracusis
423 898 690 955 tyrannidem
726 889 1029 954 assequeretur.
1088 897 1186 951 Qua
1224 897 1275 940 de
1311 909 1357 940 re
1398 896 1521 940 valde
1552 895 1652 938 irati
1682 907 1765 937 non

169 972 305 1016 solum
342 984 368 1015 a
407 970 552 1014 classis
589 970 905 1015 transmissione
949 983 1031 1014 non
1062 970 1329 1022 avertuntur,
1374 981 1520 1013 verum
1561 967 1766 1011 festinant

169 1043 374 1089 Corinthii
411 1056 538 1087 naves
573 1044 800 1100 parandas3
833 1044 877 1088 et
908 1044 1135 1096 Timoleon,
1168 1042 1358 1099 pluribus
1389 1041 1594 1098 prosperis
1626 1039 1764 1096 prodi-

167 1119 250 1175 giis
282 1117 533 1174 conspectis,
568 1130 663 1161 cum
710 1117 867 1173 sept-em
914 1117 1091 1161 navibus
1128 1115 1374 1168 Corinthiis,
1414 1114 1576 1158 duabus
1615 1112 1764 1170 Corcy-

166 1191 419 1244 raeensibus,
452 1203 535 1233 una
567 1189 777 1235 Leucadia
808 1189 947 1234 solvit.
981 1189 1045 1233 01.
1083 1189 1215 1241 108,4
1246 1208 1279 1224 --
1311 1188 1456 1245 344⁶).

286 1265 347 1307 At
377 1264 549 1307 Hic-etas
579 1263 653 1306 ille
685 1263 984 1306 Timoleontem
1023 1262 1248 1305 adventare
1280 1261 1431 1304 certior
1460 1261 1611 1312 factus,
1635 1271 1764 1315 quum

166 1335 434 1391 Dionysium,
474 1334 665 1390 quamvis
705 1335 819 1378 terra
862 1334 1051 1390 marique
1096 1347 1191 1377 eum
1231 1334 1445 1377 obsessum
1482 1332 1663 1384 teneret,
1708 1330 1764 1374 ad

166 1407 313 1450 urbem
332 1407 581 1450 tradendam
609 1419 755 1463 cogere
785 1420 867 1450 non
896 1408 1047 1462 posset,
1081 1408 1334 1451 commeatus
1366 1406 1506 1462 inopia
1528 1405 1679 1449 ductus
1710 1404 1764 1447 ad

168 1478 392 1524 Leontinos
438 1478 576 1535 copias
619 1477 808 1523 abduxit.
878 1478 960 1524 Sed
1003 1492 1130 1536 quum
1175 1466 1401 1537 Dionysius
1444 1478 1573 1535 copiis
1618 1477 1763 1522 statim

169 1552 332 1596 emissis
363 1553 586 1596 abeuntem
617 1553 779 1596 hostem
810 1552 1122 1609 aggrederetur,
1154 1553 1357 1608 proelium
1387 1552 1654 1596 commissum
1685 1551 1763 1602 est,

167 1625 213 1668 in
244 1638 322 1681 quo
353 1624 527 1669 Hicetas
558 1624 743 1681 superior
783 1625 924 1669 factus
964 1625 1049 1669 tria
1086 1624 1279 1683 Dionysii
1314 1624 1501 1668 militum
1536 1624 1657 1668 milia
1692 1624 1765 1668 ob-

166 1698 379 1741 truncavit
410 1699 645 1753 ceterosque
675 1698 797 1754 terga
828 1698 1050 1750 vertentes,
1083 1699 1211 1742 citato
1243 1712 1379 1751 cursu,
1411 1699 1651 1754 persecutus
1680 1709 1764 1740 una

167 1782 263 1813 cum
295 1768 348 1814 iis
379 1769 424 1813 in
455 1770 601 1814 urbem
639 1769 763 1813 irruit
794 1769 1089 1827 Syracusisque
1120 1772 1285 1827 praeter
1316 1785 1475 1825 arcem,
1508 1784 1633 1828 quam
1664 1770 1765 1814 Dio-

167 1842 310 1899 nysius
341 1842 571 1898 occupavit,
594 1842 752 1897 potitus
774 1843 892 1899 est'1).

287 1915 452 1959 Interea
466 1914 693 1968 Timoleon,
715 1928 842 1971 quum
857 1916 1037 1960 secundo
1058 1918 1181 1961 vento
1202 1918 1346 1961 vectus
1369 1918 1488 1970 esset,
1511 1917 1634 1961 Jonio
1655 1915 1765 1959 mari

167 1988 371 2044 superato,
405 1986 540 2030 tribus
574 1986 719 2030 diebus
751 1988 844 2043 post
874 1987 1100 2045 Syracusas
1131 1990 1184 2033 ab
1215 1990 1369 2034 Hiceta
1400 1991 1541 2046 captas
1572 1989 1625 2033 ad
1652 1988 1764 2032 Rhe-

168 2061 287 2117 gium
318 2059 552 2115 appulerat.
615 2059 677 2103 At
707 2060 941 2113 Timoleon,
976 2074 1101 2116 quum
1134 2062 1188 2105 ad
1220 2063 1369 2107 Italiae
1402 2076 1516 2106 oram
1548 2062 1759 2113 advectus,

168 2133 220 2176 de
252 2132 421 2178 Siciliae
451 2131 568 2175 tristi
601 2132 836 2176 conditione
868 2134 1020 2178 certior
1052 2134 1188 2178 factus
1220 2135 1329 2178 esset
1359 2135 1485 2191 atque
1516 2133 1764 2190 Dionysium

167 2207 219 2251 ab
251 2206 405 2251 Hiceta
435 2206 591 2263 proelio
621 2206 765 2250 fusum
795 2207 920 2262 atque
952 2207 996 2250 in
1028 2220 1123 2252 arce
1154 2208 1366 2252 obsessum
1399 2221 1487 2252 esse
1519 2208 1763 2264 Syracusas-

166 2292 244 2335 que
282 2279 463 2323 maxima
500 2291 548 2322 ex
584 2279 703 2334 parte
734 2279 787 2322 ab
825 2278 899 2323 illo
930 2281 1170 2336 occupatas,
1205 2280 1619 2337 Carthaginiensibus
1651 2291 1761 2331 vero,

167 2365 263 2396 cum
293 2352 445 2396 Hiceta
476 2352 713 2405 foederatis,
746 2365 869 2397 curae
902 2365 1004 2405 esse,
1037 2366 1090 2396 ne
1121 2354 1209 2410 ipse
1241 2353 1413 2398 Siciliae
1445 2353 1601 2397 terram
1633 2351 1763 2395 attin-

263 2507 294 2554 ⁵)
319 2506 535 2544 Accuratius
560 2506 628 2543 hac
652 2506 697 2543 de
721 2519 760 2544 re
786 2507 962 2544 disserere
986 2519 1008 2544 a
1034 2510 1159 2545 nostro
1184 2509 1369 2555 proposito
1403 2508 1588 2545 abhorret.
1629 2507 1763 2555 Itaque

165 2567 209 2604 cf.
239 2567 366 2604 Timae
391 2568 484 2614 frag.
513 2568 594 2611 131,
622 2568 691 2604 143
730 2567 785 2603 ed.
811 2568 957 2605 Miiller.
997 2568 1102 2606 Corn.
1131 2568 1220 2616 Nep.
1256 2569 1385 2605 Timol.
1413 2580 1440 2605 c.
1470 2570 1501 2606 1.
1528 2568 1635 2605 Diod.
1663 2568 1763 2610 XVI.

167 2629 223 2666 65.
252 2628 379 2677 Polyb.
406 2629 474 2667 111.
500 2641 533 2677 p.
561 2629 610 2667 45
628 2627 870 2680 *edmCasaub
900 2629 972 2667 Cic.
1000 2629 1048 2666 ad
1072 2629 1157 2667 fam.
1185 2630 1228 2673 V,
1257 2632 1312 2667 12.
1340 2629 1452 2667 Arist.
1480 2630 1557 2667 Pol.
1585 2630 1630 2673 V,
1658 2631 1680 2667 6
1707 2629 1761 2667 ed.

166 2688 277 2727 Acad.
304 2702 378 2737 reg.
406 2691 488 2728 Bor.
517 2693 557 2728 et
580 2690 683 2727 Plut.
703 2690 831 2727 Timol.
861 2701 888 2727 c.
906 2692 1014 2734 3—7,
1042 2691 1104 2738 qui
1128 2691 1223 2727 hanc
1247 2703 1322 2728 rem
1340 2691 1533 2739 explanate
1559 2692 1763 2740 explicarit.

265 2750 294 2798 ⁶)
321 2751 377 2789 cf.
403 2752 510 2789 Diod.
540 2752 637 2795 XVI,
664 2752 721 2789 66.
760 2751 860 2788 Plut.
890 2751 1019 2789 Timol.
1048 2763 1076 2788 c.
1105 2753 1137 2789 7.
1166 2752 1197 2789 8.
1226 2751 1338 2790 Arist.
1367 2753 1461 2790 rhet.
1493 2752 1542 2789 ad
1566 2753 1668 2790 Alex.
1702 2753 1766 2801 qui

167 2811 264 2848 solus
289 2811 448 2848 tradidit
473 2812 742 2848 Timoleontem
766 2822 895 2848 novem
920 2814 1067 2848 tantum
1093 2812 1263 2849 habuisse
1289 2824 1409 2849 naveS.

266 2872 294 2918 ⁷)
320 2871 374 2910 cf.
401 2872 501 2910 Plut.
530 2873 661 2917 Timol,
688 2884 717 2910 c.
743 2874 776 2910 9.
802 2872 909 2910 Diod.
937 2873 1037 2917 XVI,
1063 2874 1120 2912 68.
