1916 3085
975 84 1036 135 56

198 209 346 267 coepit,
381 221 632 267 quamquam
663 209 841 255 forsitan
887 210 1025 256 erecto
1056 210 1221 264 animo,
1269 210 1447 257 audacia
1486 224 1536 257 ac
1567 209 1804 258 constantia

198 283 403 327 etiamdiu
449 284 727 327 obsessionem
766 283 951 338 perferre
995 284 1134 339 potuit
1149 284 1221 340 ι3).
1301 283 1385 327 Sed
1430 282 1597 340 ineptus
1637 284 1693 328 811
1736 296 1803 328 res

197 354 423 414 gerendas,
455 354 643 400 luxuriae
657 390 667 410 ,
705 355 790 401 otio
803 391 813 410 ,
860 355 1147 411 temulentiae,
1195 357 1387 402 omnibus
1418 357 1587 402 omnino
1618 357 1803 403 cuiusvis

197 429 364 485 generis
385 429 674 484 voluptatibus
693 428 1022 486 libidinibusque
1044 428 1186 473 dedito
1206 429 1381 474 minime
1402 429 1577 486 placuit,
1610 441 1802 487 regnum,

197 501 305 558 quod
338 501 542 558 gravibus
572 501 740 545 tantum
781 502 936 559 pugnis
974 503 1017 546 et
1048 497 1272 546 etiamtum
1303 502 1373 546 vix
1410 501 1622 546 observari
1652 502 1802 557 potuit,
1853 526 1857 532 ·

198 574 359 617 diutius
389 573 544 616 tenere.
609 572 747 628 Quum
786 574 921 632 igitur
942 573 1215 619 Timoleontis
1246 574 1467 618 victoriam
1497 573 1553 618 ad
1582 573 1802 618 Adranum

195 646 454 703 reportatam
501 645 721 699 audiisset,
771 647 897 703 atque
943 661 996 692 ne
1043 646 1460 704 Carthaginiensium
1505 660 1581 691 nec
1626 646 1802 690 Hicetae

196 719 296 761 fidei
326 731 370 761 se
402 718 666 761 committere
698 718 895 772 auderet,
945 718 996 763 de
1027 731 1120 763 arce
1160 718 1368 763 tradenda
1414 732 1510 763 cum
1543 718 1802 763 Timoleonte

197 804 324 848 agere
371 791 605 835 constituit.
670 790 809 847 Atque
854 805 929 847 per
975 792 1138 848 legatos
1182 791 1337 835 idcirco
1383 791 1438 834 ad
1484 791 1608 834 illum
1653 791 1801 834 missos

195 864 345 907 foedus
377 862 512 906 ictum
546 862 610 906 est
642 875 690 906 ea
721 862 969 917 conditione,
1002 863 1051 907 ut
1080 862 1321 921 Dionysius,
1354 875 1450 908 arce
1480 862 1664 917 tradita,
1704 875 1801 908 cum

196 936 388 982 omnibus
422 936 509 980 suis
541 935 688 992 opibus
735 936 813 980 sub
843 937 929 981 tuti
959 936 1165 981 discessus
1206 936 1289 980 fide
1330 937 1480 981 abiret.
1546 936 1635 991 Quo
1672 936 1798 989 facto,

195 1023 324 1066 quum
355 996 573 1052 Timoleon
604 1008 935 1066 quadringentos
981 1009 1141 1054 milites
1172 1010 1284 1054 clam
1330 1010 1376 1053 in
1416 1022 1555 1055 arcem
1600 1009 1798 1063 misisset,

193 1082 434 1140 Dionysius,
467 1082 688 1138 postquam
731 1083 886 1126 iterum
918 1083 1019 1128 duos
1051 1096 1180 1128 annos
1212 1083 1455 1127 346-344
1485 1082 1701 1140 Syra-cusis
1731 1083 1799 1139 ty-

193 1155 413 1199 rannidem
445 1154 643 1207 obtinuit,
684 1154 991 1212 quinquaginta
1023 1156 1170 1199 diebus
1211 1156 1306 1211 post
1336 1154 1611 1199 Timoleontis
1642 1155 1799 1199 adven·-

193 1229 299 1281 tum,
334 1241 428 1272 cum
461 1226 607 1283 opibus
651 1227 737 1271 suis
777 1228 1071 1284 nonnullisque
1102 1228 1262 1281 amicis,
1310 1228 1550 1284 principatu
1595 1226 1796 1284 deposito,

193 1302 239 1345 in
269 1301 442 1345 victoris
474 1300 612 1344 castra
644 1312 688 1343 se
720 1300 913 1354 contulit,
946 1301 1071 1358 atque
1092 1301 1283 1358 privatus
1314 1313 1410 1344 cum
1441 1313 1525 1344 una
1556 1300 1655 1345 navi
1670 1300 1798 1357 longa

194 1373 441 1419 Corinthum
471 1372 736 1417 transvectus
768 1374 845 1417 est.
880 1373 945 1418 01.
984 1375 1112 1427 109,1
1148 1394 1182 1410 =
1215 1374 1305 1417 344
1318 1374 1390 1430 ²⁴).

292 1518 339 1566 ¹³)
364 1517 461 1554 Nam
485 1519 569 1565 post
594 1517 687 1554 arcis
713 1516 939 1555 deditionem
965 1518 1155 1555 Timoleon
1172 1520 1317 1565 praeter
1343 1518 1513 1564 ingentes
1539 1529 1623 1565 opes
1648 1519 1796 1555 tantam

192 1580 339 1617 invenit
364 1589 547 1615 armornm
573 1578 724 1624 copiam,
750 1580 795 1615 ut
821 1579 941 1616 70000
965 1579 1132 1615 homines
1157 1578 1242 1615 inde
1268 1578 1315 1614 ad
1331 1578 1469 1615 bellum
1494 1579 1587 1614 satis
1612 1578 1795 1615 commode

192 1639 331 1677 exstrui
356 1640 523 1687 possentj3
550 1649 723 1686 equorum
748 1639 914 1686 insuper,
940 1640 1210 1683 machinarum,
1237 1640 1412 1682 telormn,
1449 1639 1611 1676 omnium
1638 1638 1794 1687 denique

191 1702 436 1748 cuiuscunque
453 1699 599 1746 generis
624 1710 806 1736 armorum
831 1700 954 1737 inerat
978 1699 1077 1736 haud
1094 1701 1249 1746 exiguus
1265 1712 1447 1743 numerus,
1473 1702 1513 1736 et
1532 1699 1628 1747 quod
1645 1701 1795 1746 gravius

190 1764 282 1806 erat,
309 1762 471 1798 militum
498 1761 581 1807 plus
607 1770 717 1807 quam
743 1759 814 1796 duo
839 1761 954 1797 milia.

291 1822 336 1870 ¹⁴)
362 1821 416 1859 cf.
444 1820 577 1858 Suidas
602 1832 629 1857 s.
657 1831 690 1857 v.
718 1819 928 1861 ἐξώλισθεν.
968 1821 1075 1869 Trog.
1102 1821 1227 1870 Pomp.
1255 1829 1348 1868 frag.
1375 1820 1475 1859 XXI.
1515 1821 1625 1858 Philo
1651 1821 1736 1859 Jud.
1763 1822 1794 1859 B

190 1896 224 1931 p.
250 1884 323 1921 545
347 1883 403 1920 ed.
432 1882 600 1919 Gelenns.
627 1882 726 1918 Plut.
755 1882 852 1917 Dion
878 1892 905 1918 c.
937 1883 993 1925 13,
1021 1883 1084 1929 qui
1110 1882 1224 1918 refert
1248 1882 1477 1928 Dionysium,
1504 1880 1564 1917 ἐπὶ
1588 1883 1677 1930 μιᾶς
1702 1883 1794 1922 νεώς

190 1945 230 1981 111
255 1944 544 1991 Peloponnesum
570 1953 646 1979 esse
672 1942 881 1979 traiectum.
912 1941 1019 1980 Diod.
1049 1942 1147 1986 XVI,
1164 1943 1210 1981 70
1234 1944 1425 1987 memorat,
1452 1941 1493 1979 ἐν
1517 1944 1640 1993 μικρῷ
1664 1954 1793 1992 στρογ-

189 2006 301 2054 γύλῳ.
328 2005 462 2052 Theop.
489 2004 583 2050 frag.
610 2005 682 2041 216
707 2003 763 2040 ed.
789 2004 895 2040 Miill.
923 2003 1015 2040 dicit
1041 2003 1082 2040 ἐν
1108 2005 1322 2052 στρογγύλῃ.
1366 2004 1503 2040 Τ111186.
1540 2006 1666 2040 autem
1699 2003 1790 2050 frag.

190 2067 261 2102 133
285 2065 468 2112 prodidit;
494 2077 535 2100 εν
560 2065 688 2113 μακρᾷ
712 2063 784 2109 νηῒ.
809 2064 854 2100 cf.
883 2064 995 2100 etiam
1023 2064 1151 2111 Polyb.
1179 2064 1263 2107 XII,
1288 2064 1322 2100 4.
1368 2063 1473 2100 Nova
1498 2063 1638 2100 collect.
1666 2064 1791 2111 script.

191 2128 264 2163 vet.
291 2125 346 2163 ed.
384 2125 527 2172 Angelo
552 2124 652 2171 Majo
689 2136 724 2171 p.
750 2125 834 2161 380.
884 2124 939 2161 De
965 2125 1044 2168 hac,
1082 2136 1175 2172 quae
1212 2127 1336 2161 exstat
1373 2125 1631 2168 controversia,
1669 2131 1793 2161 utrum

189 2187 388 2233 Dionysius
413 2186 455 2222 ἐν
480 2186 694 2233 στρογγύλῃ,
731 2183 770 2220 111
796 2186 863 2227 est,
903 2186 990 2221 navi
1016 2186 1201 2228 oneraria,
1242 2196 1290 2221 811
1316 2185 1357 2221 ἐν
1388 2186 1516 2233 μακρᾷ
1540 2185 1620 2230 νηΐ,
1658 2184 1697 2220 id
1723 2186 1792 2228 est,

190 2248 334 2283 triremi
361 2246 578 2283 Corinthum
604 2257 626 2281 8
653 2245 881 2281 Timoleonte
919 2256 995 2281 esse
1030 2246 1296 2282 transmissum.
1336 2244 1389 2281 Cf.
1418 2244 1530 2281 Grote
1556 2245 1619 2282 VI.
1647 2257 1681 2293 p.
1710 2246 1792 2290 123,

190 2308 248 2344 cui
274 2307 467 2350 assentior,
494 2306 628 2354 quique
654 2308 854 2353 tyrannum
879 2306 1024 2343 triremi
1050 2308 1090 2343 et
1115 2317 1187 2343 non
1205 2306 1292 2343 navi
1310 2306 1476 2343 oneraria
1502 2317 1579 2343 esse
1596 2308 1793 2356 traiectum

190 2369 392 2405 confirmat.
