1916 3085
939 86 999 134 35

166 227 289 269 vens,
326 211 444 257 nullo
475 211 717 266 resistente,
756 212 858 256 vante
894 211 1032 257 lucem
1063 211 1119 257 ad
1149 211 1347 270 Anapum
1378 210 1536 256 flumen
1567 209 1772 268 pervenit.

165 288 232 332 Ibi
262 286 402 330 castra
433 274 640 339 metatus,
673 285 854 341 peractis
881 284 1003 340 juxta
1032 285 1189 329 flumen
1218 299 1292 341 pro
1323 285 1500 330 victoria
1531 283 1773 335 obtinenda,

166 359 214 402 ut
242 369 333 401 mos
364 356 466 409 erat,
500 356 642 411 sacris,
675 356 786 401 Dion
817 369 911 402 cum
943 357 1167 412 militibus,
1200 358 1374 412 coronis,
1408 370 1456 402 ex
1487 356 1630 402 herbis
1660 355 1774 400 flori·

163 432 323 488 busque
353 430 501 484 factis,
544 430 717 483 ornatis,
748 429 1143 490 trajecto'gssflumine,
1174 433 1320 477 urbem
1353 432 1551 477 invadere
1581 431 1771 475 festinat.

166 504 285 560 Quod
316 516 443 561 quum
475 503 739 560 adspicerent
770 503 1033 562 Syracusani,
1065 505 1111 549 in
1142 506 1243 551 urbe
1273 519 1504 564 permagna
1535 505 1676 550 exorta
1707 504 1773 548 est

166 578 341 630 sediti03
385 577 593 621 delatores
634 577 766 621 odiosi
799 579 841 621 et
870 579 1088 634 tyrannidi
1120 580 1304 623 fautores
1336 579 1483 622 statim
1515 579 1645 623 variis
1677 591 1772 621 cru-

165 651 346 696 ciatibus
387 649 566 703 afflicti,
606 650 728 694 eiecti
765 650 983 707 necatique
1024 651 1146 704 sunt;
1197 651 1453 696 Timocrates
1485 651 1597 707 ipse,
1642 664 1771 708 quum

163 737 316 776 arcem,
349 723 394 765 id
426 722 490 765 est
521 721 758 779 Ortygiam,
792 723 1003 780 attingere
1034 737 1115 768 non
1146 725 1297 779 posset,
1320 725 1487 780 arrepto
1509 737 1630 780 equo,
1654 723 1768 768 omni

164 796 314 842 salutis
361 808 432 852 spe
479 795 661 853 dejecta,
710 809 758 841 ex
805 796 907 841 urbe
946 797 1188 856 profugit8).
1253 797 1363 842 Dion
1393 798 1534 842 autem
1566 810 1693 854 quum
1724 796 1771 840 in

163 871 308 926 aperta
338 870 537 925 planitie,
579 882 682 925 quae
725 883 750 913 a
781 870 1013 914 meridiana
1045 871 1245 926 Neapolis
1276 872 1394 926 parte
1426 871 1677 923 extenditur,
1710 870 1770 914 ci-

162 943 252 990 tato
283 956 420 996 cursu,
452 956 710 1000 progressus,
742 942 879 988 nullos
911 956 955 988 se
987 943 1068 987 sibi
1100 944 1350 1000 opponentes
1371 943 1613 996 offenderet,
1636 942 1769 987 fratre

162 1015 368 1072 Megacle,
402 1015 592 1071 Callippo
622 1015 698 1060 illo
728 1016 874 1069 amico,
909 1017 1078 1060 centum
1109 1017 1290 1060 externis
1322 1017 1532 1059 militibus
1554 1010 1790 1071 stipator-{T

160 1089 239 1133 bus
270 1089 402 1145 iisque
434 1088 620 1132 exsulum
653 1088 1003 1146 Syracusanorum
1016 1122 1026 1142 ,
1067 1088 1137 1145 qui
1174 1088 1427 1144 expeditioni
1469 1087 1767 1142 interfuerunt,

162 1176 259 1206 eum
296 1161 593 1206 comitantibus
606 1195 616 1215 ,
649 1162 848 1205 audacter
889 1161 1153 1205 Temenitida
1191 1163 1353 1217 portam
1362 1163 1398 1218 ⁹)
1439 1162 1654 1217 ingressus
1695 1174 1771 1217 per

161 1234 382 1291 Neapolim
418 1246 659 1291 progressus
690 1234 756 1278 est
786 1233 832 1277 in
863 1233 1166 1278 Achradinam.
1231 1234 1371 1290 Atque
1409 1246 1573 1278 summa
1603 1245 1768 1290 pompa,

162 1308 262 1364 quid
308 1307 416 1363 quod
468 1307 587 1362 quasi
635 1305 791 1349 divinis
837 1307 1061 1350 honoribus
1102 1320 1152 1350 ac
1182 1308 1449 1350 veneratione
1481 1307 1675 1362 exceptus
1706 1307 1770 1349 est

82 1401 87 1406 ·
160 1380 286 1424 tertio
318 1379 385 1423 die
416 1379 636 1434 postquam
668 1377 858 1422 Siciliam
889 1379 1052 1435 attigit,
1085 1391 1189 1434 quae
1220 1379 1360 1423 omnia
1391 1379 1629 1423 accuratius
1649 1391 1770 1422 enar-

161 1465 253 1497 rare
294 1465 319 1495 a
356 1452 496 1495 nostro
534 1449 739 1507 proposito
778 1450 964 1494 alienum
996 1451 1139 1509 est10).
1202 1452 1444 1496 Ascendens
1477 1451 1628 1495 deinde
1660 1451 1769 1495 Dion

162 1524 422 1582 horologium
454 1524 674 1577 excelsum,
707 1524 815 1580 quod
846 1536 971 1580 prope
1002 1537 1143 1569 arcem
1173 1524 1240 1569 vel
1272 1524 1619 1583 Pentapylumss)
1665 1524 1768 1568 Dio·

259 1693 289 1739 8)
315 1692 368 1729 Cf.
396 1691 502 1728 Diod.
530 1692 630 1735 XVI,
659 1694 714 1728 10.
741 1691 841 1728 Plut.
868 1692 965 1729 Dion
991 1704 1019 1729 c.
1047 1694 1202 1729 27--28.
1237 1693 1337 1729 Plut.
1365 1692 1409 1729 de
1436 1694 1554 1729 curios
1578 1704 1613 1739 p.
1633 1693 1705 1729 523
1717 1691 1761 1729 A.

260 1753 290 1799 ⁹)
315 1753 416 1788 Plut.
443 1751 541 1787 Dion
568 1762 595 1788 c.
625 1753 671 1788 29
710 1751 815 1787 nobis
852 1751 1014 1788 tradidit
1050 1754 1142 1788 κατὰ
1180 1753 1245 1792 τὰς
1272 1752 1464 1792 mentions
1497 1753 1629 1796 πύλας,
1667 1751 1764 1799 quod

161 1812 295 1849 falsum
320 1823 397 1848 esse
424 1823 550 1847 censeo
577 1814 616 1847 et
642 1812 736 1847 vitio
775 1811 899 1847 forsan
925 1812 1161 1849 librariorum
1198 1824 1261 1859 pro
1292 1812 1523 1860 Τεμενιτίδας
1546 1813 1662 1852 πύλας
1686 1823 1763 1849 esse

162 1875 383 1921 corruptum.
433 1872 541 1916 Nam,
581 1883 692 1920 quum
728 1872 942 1909 vocabulum
979 1872 1216 1917 ,,Μενιτι’δ“ας“
1253 1872 1354 1909 nullo
1393 1871 1508 1909 solido
1546 1875 1763 1919 argumento

160 1935 348 1976 fulciatur,
375 1945 506 1979 graves
531 1945 618 1969 sane
644 1944 772 1969 causae
799 1933 920 1969 afferri
946 1935 1099 1979 possunt
1123 1944 1187 1979 pro
1214 1944 1276 1975 ea,
1315 1944 1423 1979 quam
1448 1933 1588 1978 protuli
1614 1935 1762 1968 senten-

161 1996 264 2033 tiam.
316 1994 370 2031 Ut
395 1994 493 2030 enim
519 1993 691 2030 omittam
716 1994 863 2030 Livium
888 1993 1002 2037 XXV,
1030 1995 1052 2031 9
1089 2005 1127 2030 re
1154 2005 1238 2031 vera
1264 1994 1304 2030 in
1329 1993 1398 2030 hac
1422 1993 1523 2030 urbis
1548 1996 1655 2041 parte
1679 2005 1762 2042 por-

160 2060 239 2093 tam
266 2054 499 2092 Temenitida
524 2066 661 2098 vocare,
687 2066 709 2090 a
734 2055 937 2090 meridiana
961 2055 1198 2101 Epipolarum
1234 2057 1339 2101 parte
1364 2066 1474 2100 prope
1504 2055 1633 2091 urbem
1659 2056 1761 2091 lucus

160 2119 240 2153 erat
264 2116 370 2159 situs,
411 2116 474 2162 qui
504 2116 658 2163 Τέμενος
695 2114 903 2158 vocabatur,
942 2114 986 2151 cf.
1013 2115 1139 2161 Steph.
1167 2114 1251 2162 Byz.
1286 2126 1313 2151 s.
1341 2126 1374 2151 v.
1415 2116 1587 2163 Τέμενος,
1625 2115 1761 2163 quique

159 2177 323 2224 Apollini
349 2176 608 2220 „Temenites“
648 2177 921 2221 cognominato,
960 2176 1062 2212 cuius
1099 2178 1225 2212 statua
1262 2176 1460 2222 magnifica
1497 2176 1537 2212 in
1563 2187 1607 2212 ea
1644 2176 1759 2219 urbis,

160 2248 251 2284 quae
277 2238 427 2272 vocatur
451 2236 625 2281 Neapolis
664 2238 769 2282 parte
807 2238 992 2271 exstructa
1030 2238 1126 2279 erat,
1165 2236 1209 2272 cf.
1236 2235 1309 2272 Cic.
1336 2236 1376 2271 iu
1401 2236 1503 2271 Verr.
1531 2236 1583 2279 II,
1610 2236 1669 2279 53,
1696 2235 1760 2272 de·

159 2297 303 2334 dicatus
341 2297 439 2340 erat,
477 2297 515 2333 et
552 2294 633 2333 fons
671 2295 833 2333 eiusdem
870 2296 1039 2340 nominis,
1080 2296 1123 2334 cf.
1152 2297 1247 2334 Plin.
1275 2297 1311 2334 h.
1338 2309 1373 2334 n.
1401 2297 1473 2341 ΙΙΙ,
1500 2298 1534 2341 8,
1562 2298 1610 2335 14
1635 2298 1691 2334 ita
1717 2299 1761 2335 ut

159 2362 312 2395 naturae
337 2359 493 2394 maxime
519 2360 800 2394 consentaneum
827 2358 1008 2400 videatur,
1035 2359 1149 2394 etiam
1174 2360 1301 2404 portae
1319 2369 1452 2394 nomen
1477 2358 1571 2394 illud
1597 2358 1760 2394 inditum

158 2418 282 2462 fuisse,
309 2420 420 2465 atque
448 2417 557 2454 verbo
584 2416 776 2457 Μενιτίδας
801 2417 943 2454 nullum
961 2418 1107 2454 omnino
1124 2419 1349 2453 momentum
1375 2428 1451 2453 esse
1469 2416 1757 2453 attribuendum.

258 2480 303 2526 ¹⁰)
330 2478 384 2516 Cf.
411 2478 508 2515 Diod
533 2478 633 2522 XVI,
661 2480 717 2522 10,
747 2480 813 2522 11,
852 2479 916 2526 qui
951 2479 1018 2516 hoc
1044 2480 1121 2516 loco
1147 2479 1280 2516 iterum
1318 2477 1585 2515 incredibiliter
1610 2481 1758 2515 auctum

158 2551 346 2577 numerum
373 2550 513 2582 eorum,
554 2540 617 2586 qui
642 2550 680 2575 se
705 2539 817 2575 Dioni
855 2540 1125 2576 associaverant
1162 2540 1282 2576 50000
1306 2539 1424 2574 affert.
1475 2538 1576 2574 Plut.
1604 2538 1703 2575 Dion
1728 2549 1757 2575 c.

158 2602 217 2645 28,
243 2602 303 2645 29,
330 2601 393 2648 qui
419 2601 566 2637 omnino
592 2600 722 2649 Dionig
748 2600 821 2637 iter
846 2600 991 2647 planius
1016 2600 1218 2647 descripsit.
1245 2599 1349 2637 Corn.
1377 2599 1468 2646 Nep.
1496 2599 1603 2637 Dion.
1631 2611 1660 2637 c.
1688 2601 1721 2637 5.

258 2662 303 2707 ¹¹)
328 2661 425 2697 Puto
462 2661 513 2704 id,
552 2660 647 2708 quod
685 2661 783 2696 Plut.
810 2661 908 2698 Dion
933 2673 961 2697 c.
988 2663 1035 2698 29
1060 2662 1105 2698 τὰ
1131 2661 1340 2697 πεντάπυλα
1378 2663 1485 2696 vocat
1522 2661 1619 2696 nihil
1658 2661 1760 2698 aliud

158 2734 247 2767 esse,
286 2733 392 2770 quam
419 2721 571 2758 Diodori
596 2714 675 2765 XV,
704 2721 767 2758 74:
805 2721 883 2762 ταῖς
918 2721 1070 2769 βασιλέα
1101 2723 1339 2770 καλουμέναις
1375 2721 1516 2765 πύλαις,
1554 2733 1627 2769 qua
1652 2721 1695 2758 de
1721 2733 1759 2758 re

131 2821 137 2823 ,
158 2784 233 2820 iam
258 2794 366 2830 supra
392 2781 424 2818 d.
454 2784 502 2819 20
526 2782 679 2826 tradidi,
705 2783 761 2819 ita
787 2784 830 2819 ut
856 2784 918 2826 „ro
944 2783 1194 2831 τ’]λικοτρόπωνα
1221 2783 1279 2819 vel
1304 2782 1535 2829 horologium
1561 2783 1759 2830 Dionysius

157 2843 376 2881 exstruxerit
400 2853 510 2891 prope
535 2844 654 2891 patris
679 2844 736 2880 sui
762 2842 891 2889 funus3
917 2843 963 2881 cf.
991 2843 1103 2881 Grote
1129 2843 1192 2881 VI.
1219 2854 1253 2892 p.
1282 2843 1338 2881 77.

1401 2905 1464 2952 3*
