1916 3085
935 107 964 161 5'

149 237 268 285 duxit
299 249 448 295 easque
480 236 597 283 novis
628 236 823 295 implevit
852 235 1013 292 incolis,
1047 250 1220 296 quorum
1253 235 1435 295 quinque
1466 235 1589 281 milia
1619 234 1754 281 homi-

148 327 249 358 num
281 303 333 356 ex'
361 311 642 368 Peloponneso
672 311 930 366 totidemque
962 325 1010 355 ex
1041 312 1257 369 Syracusis
1289 312 1520 368 collegerat
1548 309 1753 354 Catanae-

148 399 226 441 que
257 385 423 429 nomine
455 384 611 429 abolito
632 384 816 428 Aetnam
848 396 941 427 eam
972 385 1117 429 urbem
1150 385 1192 428 et
1224 398 1267 429 se
1288 384 1526 428 Aetnaeum
1548 382 1753 439 appellari

144 457 342 515 Jussitss)
386 457 451 502 Ol.
499 458 669 502 76:47
675 458 715 501 6.
791 456 927 512 Quum
966 458 1160 502 undecim
1201 471 1330 502 annos
1373 458 1415 501 et
1455 458 1548 503 octo
1588 469 1751 500 menses

147 531 375 588 regnasset,
409 531 562 588 optime
596 530 647 574 de
669 531 928 588 Syracusana
960 531 1133 575 civitate
1165 531 1343 575 meritus
1366 531 1529 575 Aetnae
1560 530 1750 574 mortuus

147 604 223 657 est,
257 603 322 648 01.
359 604 505 657 78,2=
520 604 578 648 46
587 605 634 659 ⁸¹!6
656 604 714 661 ¹²)
763 604 805 648 et
842 604 974 648 frater
1014 604 1272 661 Trasybulus
1314 604 1352 648 ei
1394 603 1616 657 successit,
1663 603 1749 659 qui,

146 690 273 732 quum
305 689 467 720 summa
499 676 749 720 crudelitate
780 677 1001 733 regnaret,
1040 677 1132 734 Jam
1171 676 1366 721 undecim
1406 688 1568 720 menses
1599 675 1694 731 post
1724 688 1750 719 a

147 749 381 794 Siculorum
413 749 599 802 urbibus,
632 749 763 792 unitis
785 749 946 793 viribus
967 750 1139 807 ejectus,
1173 749 1316 793 Locris
1339 749 1453 793 exsul
1476 748 1610 793 vitam
1632 747 1752 804 degit

146 822 355 879 privatam
387 822 501 878 46⁶l5
522 822 594 879 ¹³).

266 895 407 950 Atque
449 895 510 939 sic
551 896 747 939 libertate
786 896 909 951 parta
955 895 1168 951 popularis
1216 895 1471 951 reipublicae
1517 894 1653 938 status
1693 893 1748 937 ad

145 967 392 1026 Dionysium
433 968 633 1025 majorem
676 982 804 1025 usque
846 968 1066 1026 sexaginta
1104 980 1178 1024 per
1218 981 1345 1012 annos
1387 965 1747 1024 permanebam-1),

146 1054 394 1096 quamquam
425 1042 598 1084 minime
630 1042 745 1097 quies
778 1043 819 1085 et
850 1041 948 1084 ordo
980 1041 1217 1092 redierunt,
1266 1053 1394 1095 quum
1436 1040 1547 1082 inter
1586 1039 1747 1082 veteres

144 1112 302 1157 incolas
334 1114 377 1158 et
406 1115 646 1171 peregrinos
661 1148 671 1167 ,
705 1114 855 1171 quippe
887 1113 957 1170 qui
989 1113 1043 1158 ad
1074 1126 1246 1157 munera
1277 1112 1447 1169 publica
1478 1125 1560 1156 non
1591 1110 1747 1155 admit-

144 1186 344 1239 terentur,
376 1187 513 1230 motus
544 1201 593 1231 ac
626 1187 800 1231 dissidia
832 1187 1099 1238 coorirentur,
1134 1200 1237 1241 quae
1270 1186 1335 1229 Ol.
1362 1187 1385 1229 7
1391 1186 1609 1238 9‚4=461
1634 1198 1746 1229 com-

143 1258 262 1302 muni
295 1259 459 1304 decreto
491 1259 551 1304 sic
583 1259 832 1316 compositae
866 1259 976 1312 sunt,
1008 1259 1057 1302 ut
1089 1259 1249 1302 exsules
1280 1258 1326 1302 in
1356 1258 1557 1315 pristinas
1587 1270 1748 1314 posses-

144 1331 277 1376 siones
308 1332 640 1385 restituerentur,
672 1332 905 1389 peregrinis
932 1333 1075 1375 autem
1096 1332 1286 1375 omnibus
1308 1332 1612 1376 Messaniorum
1644 1343 1748 1387 ager

143 1403 386 1448 incolendus
418 1405 789 1462 concederetur15).
845 1404 1071 1449 Concordia
1092 1405 1232 1448 autem
1264 1404 1333 1449 vix
1364 1404 1587 1457 constitua,
1620 1404 1747 1460 paulo

142 1478 236 1532 post
267 1490 373 1520 nova
408 1490 606 1534 agrorum
645 1477 960 1530 distributione,
1011 1477 1144 1520 denuo
1183 1477 1357 1520 discissa
1400 1478 1541 1534 631316).
1606 1477 1747 1533 Atque

144 1563 271 1605 quum
303 1562 456 1602 eorum,
490 1550 561 1605 qui
592 1564 744 1595 novum
777 1556 916 1594 rerum
948 1550 1110 1594 statum
1141 1563 1267 1607 aegre
1288 1551 1493 1603 ferebant,
1528 1550 1610 1593 dux
1631 1550 1746 1606 Tyn-

144 1621 331 1674 darides,
366 1622 436 1678 qui
469 1636 512 1666 se
542 1623 677 1678 plebis
710 1623 915 1667 excitatae
946 1622 1101 1666 auxilio
1142 1623 1412 1679 tyrannidem
1453 1623 1749 1667 renovaturum

143 1707 232 1738 esse
269 1696 475 1751 speraret,
524 1695 671 1739 infesti
712 1696 882 1740 conatus
928 1708 1080 1751 poenas
1123 1696 1259 1751 capite
1302 1696 1518 1748 solvisset,
1561 1709 1613 1739 ne
1656 1696 1748 1752 quis

142 1768 283 1821 postea
315 1767 453 1810 simile
486 1767 713 1824 quidquam
744 1769 975 1820 conaretur,
1008 1768 1070 1811 les
1092 1768 1169 1811 illa
1189 1768 1403 1824 petalismi
1424 1768 1748 1812 Atheniensium

144 1839 436 1885 Ostracissimo
467 1855 549 1885 non
588 1841 808 1886 dissimilis
849 1842 1027 1886 institua
1065 1842 1148 1895 est,
1190 1842 1263 1887 sed
1302 1843 1427 1899 paulo
1466 1843 1579 1899 post,
1621 1856 1748 1899 quum

142 1913 306 1968 saepius
338 1914 419 1957 viri
450 1915 606 1970 optime
640 1915 689 1958 de
720 1916 935 1971 republica
956 1915 1099 1958 meriti
1120 1915 1165 1957 in
1186 1915 1379 1958 exsilium
1401 1916 1462 1959 ire
1484 1916 1745 1972 cogerentur,

142 1985 300 2029 abolita
332 1987 476 2043 estu).

189 2104 191 2106 ,
264 2058 344 2102 Sed
378 2059 567 2114 quamvis
599 2060 809 2104 intestinis
840 2060 1027 2104 dissidiis
1058 2074 1107 2103 ac
1128 2061 1381 2105 factionibus
1410 2062 1559 2105 civitas
1580 2062 1746 2116 pertur-

141 2130 241 2173 bata
271 2130 519 2175 labefactari
556 2132 788 2185 videretur,
831 2133 975 2176 tamen
1013 2132 1136 2176 bellis
1176 2133 1357 2178 externis
1395 2147 1477 2178 non
1518 2134 1651 2178 solum
1692 2135 1745 2178 ab

141 2203 317 2246 interitu
348 2205 532 2257 avocata,
567 2205 665 2260 quin
699 2205 826 2248 etiam
857 2205 903 2248 in
933 2206 1021 2249 dies
1050 2206 1207 2249 mirum
1228 2207 1273 2249 in
1294 2206 1465 2251 modum
1486 2206 1745 2262 amplificata

241 2382 286 2429 ¹)
321 2382 374 2419 cf.
393 2383 500 2420 Diod.
525 2384 624 2427 XVI,
654 2384 713 2421 49.
751 2384 884 2422 Strabo
915 2386 980 2430 VI,
1011 2388 1046 2428 2,
1078 2388 1113 2450 3.
1147 2385 1253 2423 Pind.
1285 2386 1397 2433 Pyth.
1429 2386 1460 2429 I,
1493 2386 1676 2430 118,135
1705 2388 1745 2423 et

141 2442 287 2479 Boeckh
317 2442 364 2478 ad
381 2443 489 2480 Pind.
507 2444 618 2491 Pyth.
638 2446 670 2487 1,
689 2445 722 2481 3.

240 2502 286 2550 11)
319 2502 373 2541 Cf.
409 2503 517 2541 Diod.
551 2504 617 2548 XI,
652 2505 711 2549 38,
732 2506 779 2542 66
813 2517 883 2553 quo
917 2506 996 2543 loco
1029 2506 1198 2545 undecim
1232 2519 1346 2545 annos
1379 2506 1565 2544 mensibus
1599 2507 1744 2545 omissis

79 2557 81 2560 ⁴
141 2564 342 2601 confirmat.
378 2565 499 2602 Hense
516 2577 550 2612 p.
569 2566 626 2603 28.

240 2624 286 2671 ¹⁸)
320 2624 376 2662 Cf.
394 2625 502 2662 Diod.
520 2626 586 2669 XI,
608 2627 653 2663 67
673 2638 725 2674 sq.
760 2601 881 2664 Hense
907 2639 941 2674 p.
961 2628 1019 2665 52.
1054 2628 1169 2666 Clint.
1188 2629 1289 2665 Fast.
1308 2628 1404 2664 Hell.
1436 2628 1476 2664 in
1500 2628 1680 2675 appendix
1697 2629 1742 2665 X.

240 2684 285 2731 ¹⁴)
319 2685 374 2722 Cf.
393 2686 499 2723 Diod.
518 2687 584 2730 XI,
603 2688 661 2724 68.

240 2746 285 2792 ¹⁵)
319 2745 375 2782 cf.
394 2747 501 2783 Diod.
520 2748 584 2791 XI,
606 2749 662 2785 76.

240 2806 285 2854 ¹¹³)
319 2805 374 2843 Cf.
393 2806 499 2844 Diod.
517 2808 584 2851 XI,
603 2809 661 2845 86.
697 2807 810 2846 Grote
827 2810 898 2847 111.
916 2821 950 2857 p.
969 2811 1040 2848 180
1057 2810 1094 2847 ff.
1128 2810 1233 2847 Plass
1250 2810 1281 2847 I.
1298 2822 1332 2858 p.
1352 2811 1423 2848 203
1441 2810 1477 2847 ff.

239 2867 284 2914 ¹⁷)
319 2866 373 2905 Cf.
390 2867 498 2905 Diod.
517 2868 583 2912 XI,
602 2869 649 2906 86
666 2881 719 2917 sq.
