1916 3085
948 124 1008 170 50

174 247 305 293 deret.
338 247 521 306 Singula
552 248 678 293 huius
709 248 832 306 regni
864 248 1007 293 Locris
1039 260 1109 293 sex
1139 261 1214 305 per
1245 260 1375 293 annos
1397 249 1630 303 continuos,
1662 261 1786 306 prae-

175 321 328 366 sertim
361 333 490 378 quum
521 329 673 379 graves
710 334 777 367 res
808 315 988 366 bellicae
1018 334 1100 367 non
1132 323 1519 378 commemorentur,
1550 322 1789 369 accuratius

175 394 409 439 describere
458 396 575 439 vetat
621 395 740 439 nobis
788 395 997 440 decorum.
1063 395 1147 440 Sed
1179 395 1258 439 hac
1289 395 1334 438 in
1365 409 1410 439 re
1442 409 1599 450 omnes,
1633 396 1703 453 qui
1734 396 1786 440 de

174 480 234 521 00,
269 467 370 511 dum
413 466 557 512 Locris
590 467 814 525 imperium
844 468 1030 517 tenebat,
1062 467 1332 512 tradiderunt
1363 469 1585 524 scriptores
1616 483 1787 515 consen-

172 541 310 594 tiunt,
351 550 448 584 eum
491 540 706 584 crudelem
752 542 978 597 tyrannum
1011 542 1053 584 et
1084 541 1297 596 perditum
1337 541 1466 584 fuisse
1505 542 1631 597 atque
1668 542 1788 598 abje-

174 614 290 658 ctum
321 612 476 658 virum.
541 612 656 658 Nam
688 613 898 668 ebrietati,
940 613 1131 658 luxuriae
1173 614 1298 670 atque
1328 613 1501 658 libidini
1531 626 1787 670 summopere

172 686 447 743 indulgebat,
491 686 534 729 et
579 697 707 742 quum
745 686 903 731 idcirco
946 686 1138 742 pluribus
1184 687 1329 743 egeret
1373 687 1561 743 pecuniis
1606 699 1788 743 quocun-

174 773 252 816 que
300 759 422 804 modo
462 772 531 804 eas
573 758 753 816 adipisci
792 760 1032 816 temptabat
1077 760 1178 816 quin
1225 760 1369 813 etiam,
1402 774 1530 816 quum
1562 761 1787 805 Locrenses

173 845 269 876 cum
317 832 499 876 Lucanis
543 833 656 876 bella
699 832 928 888 gessissent
969 834 1012 876 et
1042 845 1067 875 a
1100 833 1274 888 Leptine
1308 833 1462 890 Rhegii
1506 833 1683 890 tyranno
1716 845 1788 876 ve-
1846 834 1855 839 '

172 904 390 949 hementer
421 905 722 960 premerentur,
756 905 859 949 haec
892 905 983 960 ipsa
1015 905 1129 949 bella
1159 905 1214 948 ad
1246 906 1497 960 repetundas
1529 905 1785 962 ignominio-

172 976 339 1021 sissime
378 977 620 1032 usurpabat.
685 976 886 1033 Legimus
931 977 1043 1032 apud
1076 977 1310 1032 scriptores,
1344 990 1439 1020 eum
1470 977 1787 1021 immanissimis

173 1048 479 1102 vexationibus,
529 1049 659 1093 immo
705 1048 948 1093 incredibili
979 1049 1161 1109 quadam
1207 1049 1252 1092 in
1283 1050 1480 1093 mulieres
1519 1064 1568 1094 ac
1599 1049 1786 1106 virgines

174 1123 348 1167 ductum
390 1133 479 1166 esse
518 1121 834 1178 cupiditate²⁷).
899 1122 1020 1166 Hanc
1062 1135 1191 1165 unam
1228 1122 1257 1165 J
1260 1121 1390 1166 ustini
1421 1121 1569 1174 XXI,2
1617 1123 1785 1166 senten-

172 1195 280 1238 tiam
295 1227 305 1247 ,
348 1195 501 1250 quippe
532 1206 636 1249 quae
669 1193 822 1239 leniter
860 1195 1030 1238 tantum
1071 1194 1160 1238 eius
1197 1206 1333 1238 mores
1372 1192 1597 1249 exprimat,
1637 1194 1785 1239 afferre

171 1267 281 1311 mihi
311 1266 463 1311 liceat:
504 1266 751 1324 „Conjuges‚
786 1266 937 1322 inquit,
970 1266 1209 1322 principum
1241 1267 1294 1309 ad
1327 1268 1520 1322 stuprum
1551 1268 1644 1323 rapi
1661 1267 1785 1323 jube-

171 1340 260 1393 bat,
293 1339 482 1397 virgines
512 1340 612 1383 ante
644 1339 813 1395 nuptias
844 1338 1084 1383 abducebat
1114 1339 1407 1395 stupratasque
1447 1340 1606 1395 sponsis
1637 1339 1786 1384 redde-

171 1413 265 1465 bat,
306 1412 659 1468 locupletissimos
697 1425 878 1467 quosque
910 1413 985 1455 aut
1015 1412 1189 1455 civitate
1220 1412 1404 1466 pellebat
1435 1413 1509 1455 aut
1539 1412 1672 1456 occidi
1703 1412 1784 1455 im-

171 1484 348 1541 perabat
390 1484 579 1539 bonaque
618 1496 760 1528 eorum
801 1483 1072 1528 invadebat“.
1137 1483 1248 1538 Quid
1286 1484 1393 1540 quod
1439 1484 1665 1542 Dionysius
1696 1497 1784 1529 om-

170 1557 296 1600 nibus
336 1557 619 1612 cuiuscunque
673 1556 841 1612 generis
879 1556 997 1599 vitiis
1035 1556 1209 1599 obrutus
1249 1556 1379 1600 fuisse
1412 1556 1599 1607 videtur.
1644 1557 1706 1600 ita
1737 1558 1786 1600 ut

170 1642 246 1686 per
280 1628 441 1673 milites
473 1629 642 1673 tantum
674 1627 952 1672 mercenarios
990 1629 1141 1673 cuncta
1174 1627 1237 1672 ira
1268 1630 1499 1686 cunctaque
1532 1630 1683 1675 seditio
1712 1643 1786 1686 per

170 1703 259 1747 vim
292 1701 469 1758 reprimi
499 1702 663 1758 posset,
697 1701 826 1746 donec
859 1701 1076 1758 Syracusis
1107 1701 1346 1759 tyrannidis
1379 1703 1685 1759 recuperandae
1717 1716 1786 1747 oc-

171 1775 285 1820 oasio
316 1775 356 1819 ei
387 1775 529 1819 oblata
561 1776 638 1820 est.

296 1848 515 1905 Syracusis
547 1848 683 1902 enim,
718 1847 909 1904 Callippo
941 1847 1085 1904 eJecto,
1118 1847 1389 1904 Hipparinus,
1423 1847 1617 1905 Dionysii
1638 1848 1784 1908 frater,

172 1922 349 1978 imperio
379 1922 538 1977 potitus
571 1923 648 1975 est,
682 1921 734 1965 de
766 1921 884 1964 cuius
916 1933 1045 1976 regno
1076 1920 1193 1963 nobis
1210 1912 1271 1963 ‘id
1303 1934 1432 1964 unum
1466 1921 1672 1965 traditum
1706 1922 1784 1969 est,

172 1995 312 2053 ipsum
359 1995 461 2040 duos
492 2008 566 2051 per
598 2008 728 2039 annos
761 1994 805 2037 id
838 1993 1089 2050 tenuisse28)
1122 1994 1164 2036 et
1195 1994 1301 2046 tum,
1337 2007 1464 2049 quum
1496 1994 1619 2038 valde
1651 1995 1786 2039 ebrio-

173 2082 245 2113 sus
286 2081 337 2113 ac
384 2068 632 2126 tyrannicus
680 2067 803 2120 esset,
850 2066 1031 2111 occisum
1081 2079 1169 2110 esse
1208 2079 1246 2110 a.
1281 2067 1391 2118 350,
1434 2067 1545 2112 unde
1584 2068 1786 2126 conjicere

172 2141 320 2198 possis,
354 2141 472 2184 illius
504 2154 663 2197 quoque
695 2153 874 2195 regnum
905 2152 989 2182 non
1019 2139 1122 2181 mite
1153 2152 1211 2182 ac.
1230 2140 1466 2196 jucundum
1496 2140 1639 2184 fuisse.

296 2213 532 2270 Hipparino
573 2214 717 2257 autem
758 2210 960 2256 successit
997 2210 1130 2254 frater
1169 2211 1258 2256 eius
1290 2212 1506 2270 Nysaeus,
1540 2213 1624 2270 qui,
1658 2227 1786 2270 quum

174 2287 306 2331 etiam
336 2287 386 2329 ut
418 2287 549 2330 ceteri
579 2286 782 2338 luxuriae,
815 2284 1027 2336 ebrietati,
1060 2284 1161 2338 quin
1193 2284 1321 2328 etiam
1353 2285 1610 2341 turpissimis
1642 2286 1787 2330 libidi-

276 2517 323 2559 εὶἸ)
349 2516 404 2555 Cf.
432 2516 571 2554 Justin.
599 2516 702 2559 XXI,
729 2517 764 2560 2,
791 2516 825 2553 3.
853 2514 987 2552 Aelian
1013 2525 1046 2551 v.
1074 2513 1109 2551 h.
1136 2514 1202 2560 IX,
1229 2515 1262 2552 8.
1301 2515 1434 2553 Strabo
1459 2516 1523 2561 VI,
1550 2518 1584 2561 1,
1610 2518 1644 2554 8.
1670 2516 1784 2554 Arist.

176 2579 256 2616 Pol.
285 2579 331 2623 V,
358 2581 392 2622 6,
421 2580 452 2615 7.
481 2578 646 2616 Clearch.
674 2589 730 2624 ap.
757 2577 893 2614 Athen.
921 2576 1005 2613 XII.
1033 2587 1063 2612 c.
1091 2576 1147 2612 58.

277 2639 324 2687 ²⁸)
351 2639 406 2677 Cf.
432 2638 541 2676 Diod.
570 2639 670 2683 XVI,
696 2640 753 2675 36.

276 2701 325 2748 ⁵⁹)
350 2700 406 2739 Cf.
435 2701 570 2748 Theop.
598 2700 687 2737 hist.
715 2700 782 2737 XL
809 2711 865 2747 ap.
892 2698 981 2736 Ath.
1009 2699 1054 2735 X.
1074 2710 1102 2735 c.
1121 2699 1181 2742 47,
1208 2710 1279 2746 quo
1305 2699 1382 2736 loco
1408 2700 1556 2736 omnino
1581 2699 1626 2737 de
1650 2710 1786 2746 magna

178 2763 292 2800 trium
319 2762 478 2799 fratrum
504 2762 713 2809 Hipparini,
740 2761 987 2808 Apollocratis
1013 2763 1051 2797 et
1077 2760 1214 2807 Nysaei
1239 2761 1461 2797 temulentia
1486 2760 1652 2798 refertur.
1686 2760 1785 2796 Plut.

179 2823 223 2861 de
250 2834 336 2860 vera
360 2835 458 2860 num.
488 2823 587 2860 vind.
616 2824 684 2866 ait,
723 2822 896 2869 Dionysii
934 2822 1083 2858 maioris
1121 2821 1281 2858 filiorum
1312 2822 1457 2870 Nysaeo
1490 2825 1530 2859 et
1558 2820 1787 2869 Aporuocrati
1803 2848 1815 2875 3

119 2916 122 2919 .
179 2888 374 2933 parentum
400 2884 625 2932 pravitatem
651 2883 764 2921 fnisse
790 2884 969 2920 innatam.
