1916 3085
926 84 987 133 24

787 269 1025 351 caput
1063 281 1118 338 ΙΙ.

229 389 498 446 Quomodo
530 404 585 436 se
623 391 856 449 gesserit
887 391 1184 449 Dionysius
1215 404 1370 449 usque
1400 392 1463 437 ad
1493 392 1675 439 Dionis

646 464 699 508 in
731 463 983 510 Siciliam
1014 465 1256 510 reditum.

269 572 409 629 Quum
441 572 671 631 Dionysius
703 571 837 618 maior
868 574 1001 618 vitam
1033 574 1121 619 fere
1162 575 1297 619 totam
1328 575 1374 619 in
1404 574 1529 619 bellis
1560 575 1757 632 gerendis

144 659 193 690 ac
233 646 359 690 rebus
400 645 583 702 publicis
623 645 975 691 administrandis
1013 647 1255 704 perageret,
1311 646 1513 705 Dionysio
1553 647 1757 705 regnante

142 718 303 764 minore
335 732 430 765 raro
461 719 628 764 tantum
662 733 752 764 rem
783 718 985 764 memoria
1007 718 1182 777 dignam
1203 718 1407 765 invenias.
1450 718 1613 765 Scimus
1645 719 1758 765 enim

146 807 242 838 eum
273 806 312 837 a.
347 794 436 838 366
468 793 595 849 paulo
627 793 762 850 igitur
792 794 887 849 post
916 792 1094 836 Dionem
1128 793 1308 850 eJectum
1341 792 1680 837 Lacedaemoniis
1712 792 1758 836 in

143 865 255 911 bello
317 866 463 910 contra
526 865 745 910 Thebanos
806 864 1025 910 duodecim
1086 864 1280 909 triremes
1341 864 1497 910 auxilio
1557 864 1722 910 misisse
1745 898 1756 918 ,

148 952 256 996 quae
297 938 466 995 quidem
509 951 603 982 mox
644 938 813 982 infectis
860 937 984 981 rebus
1038 937 1209 981 domum
1250 937 1521 995 redierunt1).
1594 934 1758 982 Deinde

144 1011 356 1069 Rhegium
388 1010 601 1056 illustrem
632 1010 756 1056 illam
786 1010 947 1065 urbem,
982 1023 1107 1068 quam
1135 1011 1256 1068 pater
1278 1023 1316 1055 a.
1340 1010 1428 1056 387
1451 1010 1538 1056 solo
1558 1022 1757 1068 aequasse

144 1085 332 1139 tradidi,
387 1098 545 1142 magna
587 1098 636 1129 ex
677 1086 797 1141 parte
838 1084 1119 1129 restauratam
1132 1117 1142 1137 ,
1198 1083 1428 1128 Phoebiam
1468 1083 1755 1142 appellavit2).

144 1158 304 1203 Eodem
335 1171 463 1212 anno,
503 1156 710 1216 Dionysio·
737 1157 925 1211 auctore,
963 1157 1094 1202 etiam
1133 1156 1459 1202 Tauromenium
1498 1157 1552 1202 ab
1590 1156 1756 1202 Andro-

143 1232 293 1276 macho
332 1231 629 1275 Tauromenite
643 1264 654 1283 ,
697 1230 862 1274 Timaei
902 1230 1093 1274 historici
1133 1232 1252 1286 patre
1267 1264 1277 1283 ,
1320 1230 1410 1274 viro
1451 1231 1494 1273 et
1530 1230 1677 1286 opibus
1714 1231 1757 1274 et

144 1302 278 1348 animi
308 1302 607 1361 magnitudine
639 1301 884 1356 excellenti,
931 1302 1135 1359 quidquid
1176 1302 1366 1347 exsulum
1396 1302 1508 1346 Naxi
1546 1302 1756 1359 reliquum

144 1377 259 1431 erat,
302 1375 402 1421 111ηο
442 1376 485 1421 et
515 1376 637 1421 illinc
668 1375 937 1434 congregatis
970 1376 1012 1420 et
1043 1375 1245 1432 exceptis,
1287 1375 1411 1421 valde
1452 1375 1754 1432 amplificatum

142 1451 269 1507 atque
299 1450 485 1503 auctum,
519 1449 636 1494 urbis
664 1462 761 1494 vero
791 1462 941 1493 nomen
962 1449 1275 1506 comprobatum
1297 1462 1385 1494 esse
1406 1448 1662 1505 perhibetur,
1693 1447 1755 1492 ita

143 1524 193 1568 ut
222 1523 546 1568 Andromachus
579 1523 699 1580 quasi
729 1522 839 1567 alter
860 1522 1049 1568 conditor
1069 1522 1244 1580 fieretss).

266 1596 349 1641 Sed
377 1597 468 1654 Jam
499 1597 765 1641 transeamus
796 1596 851 1641 ad
884 1608 967 1649 eas,
1000 1608 1105 1652 quae
1125 1595 1181 1640 ad
1202 1595 1401 1641 interiora
1423 1596 1544 1654 regni
1565 1593 1756 1653 spectant

144 1681 223 1714 res.
288 1668 424 1713 Dione
454 1669 593 1725 patria
626 1668 796 1725 expulso
826 1667 1052 1725 Dionysius
1084 1668 1304 1712 Platonem
1336 1667 1381 1711 in
1412 1681 1552 1712 arcem
1582 1667 1757 1712 arcessi-

144 1741 208 1786 vit
240 1741 378 1798 specie
410 1741 586 1799 benigni
617 1740 791 1798 hospitii
822 1740 1059 1786 custodiam
1090 1740 1375 1794 machinatus,
1408 1753 1460 1784 ne
1492 1740 1660 1785 domum
1691 1753 1757 1785 re·-

146 1814 237 1860 dire
268 1816 421 1872 posset,
455 1815 529 1860 sed
562 1827 718 1872 magno
750 1827 847 1859 cum
878 1827 1019 1859 amore
1051 1827 1146 1859 eum
1177 1814 1416 1871 prosecutus
1448 1813 1556 1858 nihil
1586 1814 1670 1859 nisi
1696 1813 1754 1868 id,

142 1888 192 1932 ut
221 1888 276 1933 ab
308 1901 355 1932 eo
387 1888 677 1932 redamaretur
709 1888 753 1931 et
792 1901 915 1944 super
952 1900 1095 1932 omnes
1127 1887 1332 1931 coleretur
1362 1887 1614 1944 postulavit3
1656 1887 1755 1944 quin

143 1961 273 2005 etiam
306 1975 350 2005 se
383 1974 592 2005 summam
623 1973 763 2004 rerum
796 1960 1140 2016 dominatumque
1171 1959 1210 2003 ei
1241 1960 1542 2016 permissurum
1573 1973 1661 2004 esse
1675 1993 1686 2012 ,
1719 1959 1755 2003 si

144 2033 293 2078 Dionis
333 2033 569 2077 amicitiam
607 2046 688 2076 non
728 2033 959 2089 praeferret
996 2045 1095 2077 suae
1133 2031 1340 2088 promisit.
1404 2032 1540 2076 Tanta
1571 2031 1756 2076 admira-

143 2106 258 2150 tione
290 2106 488 2162 tantoque
522 2105 669 2150 ardore
701 2106 827 2162 atque
858 2106 1037 2150 caritate
1068 2105 1223 2149 exarsit
1253 2104 1299 2148 in
1319 2105 1595 2161 Platonem4).
1632 2104 1756 2149 Plato

143 2180 286 2223 autem
318 2178 466 2223 multis
497 2178 691 2235 precibus
722 2178 834 2234 apud
856 2177 1105 2235 Dionysium
1137 2176 1182 2220 id
1203 2190 1329 2233 agere
1359 2190 1440 2221 non
1472 2177 1674 2230 cessabat,
1706 2178 1755 2222 ut

140 2251 320 2295 Dionem
351 2251 586 2303 revocaret;
619 2250 693 2295 sed
731 2251 905 2294 frustra.
970 2250 1158 2305 Denique
1191 2263 1319 2305 quum
1350 2249 1475 2294 Plato
1505 2250 1754 2307 Dionysium

245 2358 273 2405 ¹)
300 2357 354 2396 Cf.
384 2357 548 2406 Xenoph.
577 2357 675 2395 Hell.
703 2356 788 2400 VlI,
814 2356 849 2400 4,
878 2357 933 2394 12.

241 2419 270 2465 2)
296 2418 351 2456 Cf.
380 2418 516 2455 Strabo
541 2418 607 2462 VI,
635 2420 668 2461 1,
696 2419 729 2455 6.

239 2480 269 2526 ³)
296 2479 350 2516 Cf.
379 2478 485 2515 Diod.
514 2479 615 2522 XVI,
645 2479 676 2515 7.
717 2477 838 2522 Quum
863 2477 968 2514 Diod.
998 2478 1099 2522 XIV,
1125 2479 1173 2516 59
1210 2479 1286 2516 iam
1325 2479 1555 2516 enarraverit
1579 2477 1706 2515 urbem
1731 2489 1754 2516 a

140 2540 273 2577 Siculis
299 2540 339 2577 in
366 2540 458 2577 colle
486 2540 606 2577 Tauro
632 2550 710 2576 esse
732 2538 918 2575 conditam
936 2550 1088 2587 eamque
1115 2540 1175 2575 διὰ
1202 2540 1242 2576 τὸ
1268 2539 1394 2589 μεῖναι
1419 2540 1502 2580 τοῦς
1527 2537 1587 2575 ἐπὶ
1615 2540 1754 2587 Ταῦρον

138 2600 414 2649 ἀθροισθέντας
444 2602 691 2650 Ταυρομένιον
728 2610 806 2636 esse
843 2600 1083 2643 nominatam,
1123 2601 1218 2637 hunc
1256 2601 1376 2637 locum
1414 2600 1467 2636 sic
1500 2600 1753 2647 explicandum

139 2672 219 2697 esse
244 2660 338 2697 mihi
365 2659 515 2698 videtur
542 2662 581 2698 et
605 2660 789 2698 Plassium
816 2660 866 2697 II.
894 2672 927 2708 p.
958 2661 1046 2705 241,
1085 2661 1144 2698 cui
1182 2661 1222 2698 in
1260 2661 1470 2697 universum
1508 2660 1753 2698 libentissime

138 2721 335 2764 assentior,
362 2723 501 2757 temere
529 2721 762 2758 confirmasse
790 2732 915 2757 censeo
942 2721 1101 2758 alterum
1128 2721 1411 2757 Tauromenium
1437 2721 1483 2757 ab
1499 2720 1752 2758 Andromacho

140 2792 218 2818 esse
244 2780 446 2818 conditum.

238 2843 268 2889 ⁴)
294 2841 348 2880 Cf.
378 2842 478 2879 Plut.
505 2842 614 2880 Dion.
642 2855 669 2881 c.
700 2845 756 2882 16.
783 2843 895 2880 Plato
922 2855 976 2891 ep.
1004 2844 1088 2882 VII.
1116 2855 1150 2892 p.
1178 2844 1263 2888 329,
1289 2845 1370 2882 330.
