<?xml version="1.0" encoding="UTF-8"?>
<!DOCTYPE html PUBLIC "-//W3C//DTD XHTML 1.0 Transitional//EN"
    "http://www.w3.org/TR/xhtml1/DTD/xhtml1-transitional.dtd">
<html xmlns="http://www.w3.org/1999/xhtml" xml:lang="en" lang="en">
 <head>
  <title>
</title>
<meta http-equiv="Content-Type" content="text/html;charset=utf-8" />
  <meta name='ocr-system' content='tesseract 3.04.00' />
  <meta name='ocr-capabilities' content='ocr_page ocr_carea ocr_par ocr_line ocrx_word'/>
</head>
<body>
  <div class='ocr_page' id='page_1' title='image "4737214_0037.png"; bbox 0 0 1916 3085; ppageno 0'>
   <div class='ocr_carea' id='block_1_1' title="bbox 145 64 1750 1854">
    <p class='ocr_par' dir='ltr' id='par_1_1' title="bbox 145 64 1750 1854">
     <span class='ocr_line' id='line_1_1' title="bbox 916 64 975 117; baseline -0.017 0"><span class='ocrx_word' id='word_1_1' title='bbox 916 64 975 117; x_wconf 76' lang='lat'>29</span> 
     </span>
     <span class='ocr_line' id='line_1_2' title="bbox 145 185 1749 258; baseline -0.006 -13"><span class='ocrx_word' id='word_1_2' title='bbox 145 191 348 258; x_wconf 82' lang='lat' dir='ltr'>Dionysio</span> <span class='ocrx_word' id='word_1_3' title='bbox 364 193 680 249; x_wconf 75' lang='lat' dir='ltr'>reconciliaret,</span> <span class='ocrx_word' id='word_1_4' title='bbox 712 193 962 252; x_wconf 78' lang='lat' dir='ltr'>Dionysium</span> <span class='ocrx_word' id='word_1_5' title='bbox 991 193 1047 239; x_wconf 89' lang='lat' dir='ltr'>ad</span> <span class='ocrx_word' id='word_1_6' title='bbox 1078 194 1243 239; x_wconf 85' lang='lat' dir='ltr'>saniora</span> <span class='ocrx_word' id='word_1_7' title='bbox 1272 190 1461 246; x_wconf 83' lang='lat' dir='ltr'>consilia,</span> <span class='ocrx_word' id='word_1_8' title='bbox 1493 185 1628 237; x_wconf 86' lang='lat' dir='ltr'>vitam</span> <span class='ocrx_word' id='word_1_9' title='bbox 1659 197 1749 235; x_wconf 79' lang='lat' dir='ltr'>ma·</span> 
     </span>
     <span class='ocr_line' id='line_1_3' title="bbox 146 264 1749 331; baseline -0.004 -16"><span class='ocrx_word' id='word_1_10' title='bbox 146 272 215 331; x_wconf 85' lang='lat' dir='ltr'>gis</span> <span class='ocrx_word' id='word_1_11' title='bbox 244 271 445 321; x_wconf 68' lang='lat' dir='ltr'>,decoram</span> <span class='ocrx_word' id='word_1_12' title='bbox 484 268 699 314; x_wconf 86' lang='lat' dir='ltr'>revocaret</span> <span class='ocrx_word' id='word_1_13' title='bbox 736 267 802 312; x_wconf 90' lang='lat'>01.</span> <span class='ocrx_word' id='word_1_14' title='bbox 850 268 979 321; x_wconf 87' lang='lat'>104,3</span> <span class='ocrx_word' id='word_1_15' title='bbox 1025 268 1094 313; x_wconf 85' lang='lat' dir='ltr'>vel</span> <span class='ocrx_word' id='word_1_16' title='bbox 1140 280 1236 313; x_wconf 88' lang='lat' dir='ltr'>vere</span> <span class='ocrx_word' id='word_1_17' title='bbox 1281 266 1383 311; x_wconf 88' lang='lat' dir='ltr'>anni</span> <span class='ocrx_word' id='word_1_18' title='bbox 1430 266 1599 323; x_wconf 74' lang='lat'>36121).</span> <span class='ocrx_word' id='word_1_19' title='bbox 1664 264 1749 309; x_wconf 88' lang='lat' dir='ltr'>Sed</span> 
     </span>
     <span class='ocr_line' id='line_1_4' title="bbox 146 338 1750 398; baseline -0.005 -9"><span class='ocrx_word' id='word_1_20' title='bbox 146 344 318 390; x_wconf 85' lang='lat' dir='ltr'>frustra.</span> <span class='ocrx_word' id='word_1_21' title='bbox 383 342 566 387; x_wconf 87' lang='lat' dir='ltr'>Summis</span> <span class='ocrx_word' id='word_1_22' title='bbox 597 341 778 398; x_wconf 89' lang='lat' dir='ltr'>quidem,</span> <span class='ocrx_word' id='word_1_23' title='bbox 810 341 859 384; x_wconf 92' lang='lat' dir='ltr'>ut</span> <span class='ocrx_word' id='word_1_24' title='bbox 877 341 1016 395; x_wconf 87' lang='lat' dir='ltr'>antea,</span> <span class='ocrx_word' id='word_1_25' title='bbox 1048 340 1269 385; x_wconf 88' lang='lat' dir='ltr'>honoribus</span> <span class='ocrx_word' id='word_1_26' title='bbox 1290 340 1458 396; x_wconf 84' lang='lat' dir='ltr'>excepto</span> <span class='ocrx_word' id='word_1_27' title='bbox 1477 338 1750 396; x_wconf 87' lang='lat' dir='ltr'>privilegium</span> 
     </span>
     <span class='ocr_line' id='line_1_5' title="bbox 147 411 1747 469; baseline -0.003 -10"><span class='ocrx_word' id='word_1_28' title='bbox 147 414 467 468; x_wconf 87' lang='lat' dir='ltr'>concedebatur,</span> <span class='ocrx_word' id='word_1_29' title='bbox 507 415 556 457; x_wconf 90' lang='lat' dir='ltr'>ut</span> <span class='ocrx_word' id='word_1_30' title='bbox 592 414 704 457; x_wconf 90' lang='lat' dir='ltr'>solus</span> <span class='ocrx_word' id='word_1_31' title='bbox 742 412 832 457; x_wconf 89' lang='lat' dir='ltr'>sine</span> <span class='ocrx_word' id='word_1_32' title='bbox 873 412 1125 457; x_wconf 68' lang='lat' dir='ltr'><strong>scrutatione</strong></span> <span class='ocrx_word' id='word_1_33' title='bbox 1167 413 1222 456; x_wconf 89' lang='lat' dir='ltr'>ad</span> <span class='ocrx_word' id='word_1_34' title='bbox 1253 414 1480 469; x_wconf 87' lang='lat' dir='ltr'>tyrannum</span> <span class='ocrx_word' id='word_1_35' title='bbox 1516 411 1747 463; x_wconf 74' lang='lat' dir='ltr'>accederet,</span> 
     </span>
     <span class='ocr_line' id='line_1_6' title="bbox 146 484 1749 545; baseline -0.003 -12"><span class='ocrx_word' id='word_1_36' title='bbox 146 487 337 545; x_wconf 86' lang='lat' dir='ltr'>quamvis</span> <span class='ocrx_word' id='word_1_37' title='bbox 367 487 489 531; x_wconf 90' lang='lat' dir='ltr'>illum</span> <span class='ocrx_word' id='word_1_38' title='bbox 522 485 671 531; x_wconf 88' lang='lat' dir='ltr'>Dionis</span> <span class='ocrx_word' id='word_1_39' title='bbox 702 485 899 529; x_wconf 90' lang='lat' dir='ltr'>intimum</span> <span class='ocrx_word' id='word_1_40' title='bbox 931 499 1019 530; x_wconf 89' lang='lat' dir='ltr'>esse</span> <span class='ocrx_word' id='word_1_41' title='bbox 1050 485 1234 531; x_wconf 87' lang='lat' dir='ltr'>amicum</span> <span class='ocrx_word' id='word_1_42' title='bbox 1264 485 1377 529; x_wconf 88' lang='lat' dir='ltr'>haud</span> <span class='ocrx_word' id='word_1_43' title='bbox 1408 485 1635 542; x_wconf 75' lang='lat' dir='ltr'>ignoraret.</span> <span class='ocrx_word' id='word_1_44' title='bbox 1689 484 1749 529; x_wconf 91' lang='lat' dir='ltr'>Ut</span> 
     </span>
     <span class='ocr_line' id='line_1_7' title="bbox 146 557 1748 615; baseline -0.004 -9"><span class='ocrx_word' id='word_1_45' title='bbox 146 561 258 606; x_wconf 91' lang='lat' dir='ltr'>Dion</span> <span class='ocrx_word' id='word_1_46' title='bbox 288 560 551 605; x_wconf 86' lang='lat' dir='ltr'>revocaretur</span> <span class='ocrx_word' id='word_1_47' title='bbox 581 571 663 603; x_wconf 92' lang='lat' dir='ltr'>non</span> <span class='ocrx_word' id='word_1_48' title='bbox 693 559 910 602; x_wconf 90' lang='lat' dir='ltr'>assecutus</span> <span class='ocrx_word' id='word_1_49' title='bbox 931 559 1008 611; x_wconf 90' lang='lat' dir='ltr'>est,</span> <span class='ocrx_word' id='word_1_50' title='bbox 1042 558 1129 612; x_wconf 89' lang='lat' dir='ltr'>sed,</span> <span class='ocrx_word' id='word_1_51' title='bbox 1160 559 1210 602; x_wconf 89' lang='lat' dir='ltr'>ut</span> <span class='ocrx_word' id='word_1_52' title='bbox 1230 559 1366 611; x_wconf 89' lang='lat' dir='ltr'>antea,</span> <span class='ocrx_word' id='word_1_53' title='bbox 1400 557 1591 615; x_wconf 85' lang='lat' dir='ltr'>Dionysii</span> <span class='ocrx_word' id='word_1_54' title='bbox 1612 570 1748 601; x_wconf 89' lang='lat' dir='ltr'>comes</span> 
     </span>
     <span class='ocr_line' id='line_1_8' title="bbox 147 629 1749 690; baseline -0.004 -11"><span class='ocrx_word' id='word_1_55' title='bbox 147 634 268 679; x_wconf 85' lang='lat' dir='ltr'>domo</span> <span class='ocrx_word' id='word_1_56' title='bbox 309 633 428 690; x_wconf 86' lang='lat' dir='ltr'>regia</span> <span class='ocrx_word' id='word_1_57' title='bbox 469 632 732 677; x_wconf 77' lang='lat' dir='ltr'>retinebatur</span> <span class='ocrx_word' id='word_1_58' title='bbox 772 631 984 688; x_wconf 83' lang='lat' dir='ltr'>captivus,</span> <span class='ocrx_word' id='word_1_59' title='bbox 1032 631 1179 676; x_wconf 90' lang='lat' dir='ltr'>Dionis</span> <span class='ocrx_word' id='word_1_60' title='bbox 1220 631 1368 688; x_wconf 91' lang='lat' dir='ltr'>opibus</span> <span class='ocrx_word' id='word_1_61' title='bbox 1407 629 1588 674; x_wconf 88' lang='lat' dir='ltr'>venditis</span> <span class='ocrx_word' id='word_1_62' title='bbox 1624 631 1749 686; x_wconf 89' lang='lat' dir='ltr'>atque</span> 
     </span>
     <span class='ocr_line' id='line_1_9' title="bbox 147 702 1749 761; baseline -0.002 -11"><span class='ocrx_word' id='word_1_63' title='bbox 147 707 258 750; x_wconf 88' lang='lat' dir='ltr'>inter</span> <span class='ocrx_word' id='word_1_64' title='bbox 287 705 442 750; x_wconf 88' lang='lat' dir='ltr'>amicos</span> <span class='ocrx_word' id='word_1_65' title='bbox 473 704 636 758; x_wconf 89' lang='lat' dir='ltr'>divisis,</span> <span class='ocrx_word' id='word_1_66' title='bbox 668 717 795 761; x_wconf 91' lang='lat' dir='ltr'>quum</span> <span class='ocrx_word' id='word_1_67' title='bbox 827 705 1031 761; x_wconf 89' lang='lat' dir='ltr'>tyrannus</span> <span class='ocrx_word' id='word_1_68' title='bbox 1063 704 1283 747; x_wconf 78' lang='lat' dir='ltr'>simularet</span> <span class='ocrx_word' id='word_1_69' title='bbox 1304 702 1528 747; x_wconf 88' lang='lat' dir='ltr'>dimidium</span> <span class='ocrx_word' id='word_1_70' title='bbox 1549 703 1749 747; x_wconf 88' lang='lat' dir='ltr'>bonorum</span> 
     </span>
     <span class='ocr_line' id='line_1_10' title="bbox 146 775 1749 833; baseline -0.002 -10"><span class='ocrx_word' id='word_1_71' title='bbox 146 779 272 824; x_wconf 92' lang='lat' dir='ltr'>Dioni</span> <span class='ocrx_word' id='word_1_72' title='bbox 315 793 358 823; x_wconf 90' lang='lat' dir='ltr'>se</span> <span class='ocrx_word' id='word_1_73' title='bbox 398 779 616 832; x_wconf 87' lang='lat' dir='ltr'>daturum,</span> <span class='ocrx_word' id='word_1_74' title='bbox 658 777 883 823; x_wconf 89' lang='lat' dir='ltr'>dimidium</span> <span class='ocrx_word' id='word_1_75' title='bbox 926 791 1022 822; x_wconf 89' lang='lat' dir='ltr'>vero</span> <span class='ocrx_word' id='word_1_76' title='bbox 1058 777 1240 822; x_wconf 90' lang='lat' dir='ltr'>alterum</span> <span class='ocrx_word' id='word_1_77' title='bbox 1278 775 1367 821; x_wconf 91' lang='lat' dir='ltr'>eius</span> <span class='ocrx_word' id='word_1_78' title='bbox 1405 776 1513 830; x_wconf 91' lang='lat' dir='ltr'>filio,</span> <span class='ocrx_word' id='word_1_79' title='bbox 1556 776 1627 833; x_wconf 91' lang='lat' dir='ltr'>qui</span> <span class='ocrx_word' id='word_1_80' title='bbox 1668 776 1749 821; x_wconf 90' lang='lat' dir='ltr'>sibi</span> 
     </span>
     <span class='ocr_line' id='line_1_11' title="bbox 147 850 1749 910; baseline -0.002 -13"><span class='ocrx_word' id='word_1_81' title='bbox 147 851 268 910; x_wconf 85' lang='lat' dir='ltr'>quasi</span> <span class='ocrx_word' id='word_1_82' title='bbox 298 851 505 896; x_wconf 87' lang='lat' dir='ltr'>avunculo</span> <span class='ocrx_word' id='word_1_83' title='bbox 535 850 580 895; x_wconf 91' lang='lat' dir='ltr'>in</span> <span class='ocrx_word' id='word_1_84' title='bbox 610 851 790 896; x_wconf 85' lang='lat' dir='ltr'>tutelam</span> <span class='ocrx_word' id='word_1_85' title='bbox 827 851 1011 895; x_wconf 86' lang='lat' dir='ltr'>traditus</span> <span class='ocrx_word' id='word_1_86' title='bbox 1049 851 1182 904; x_wconf 91' lang='lat' dir='ltr'>esset,</span> <span class='ocrx_word' id='word_1_87' title='bbox 1227 850 1475 894; x_wconf 87' lang='lat' dir='ltr'>relicturum</span> <span class='ocrx_word' id='word_1_88' title='bbox 1514 862 1625 902; x_wconf 90' lang='lat' dir='ltr'>esse;</span> <span class='ocrx_word' id='word_1_89' title='bbox 1672 850 1749 894; x_wconf 90' lang='lat' dir='ltr'>hoc</span> 
     </span>
     <span class='ocr_line' id='line_1_12' title="bbox 147 923 1748 982; baseline -0.002 -13"><span class='ocrx_word' id='word_1_90' title='bbox 147 924 346 969; x_wconf 75' lang='lat' dir='ltr'>videlicet</span> <span class='ocrx_word' id='word_1_91' title='bbox 383 938 470 969; x_wconf 90' lang='lat' dir='ltr'>esse</span> <span class='ocrx_word' id='word_1_92' title='bbox 505 924 867 982; x_wconf 78' lang='lat' dir='ltr'>justissimum22).</span> <span class='ocrx_word' id='word_1_93' title='bbox 929 924 1084 968; x_wconf 86' lang='lat' dir='ltr'>Eodem</span> <span class='ocrx_word' id='word_1_94' title='bbox 1124 925 1329 979; x_wconf 89' lang='lat' dir='ltr'>tempore,</span> <span class='ocrx_word' id='word_1_95' title='bbox 1379 936 1506 978; x_wconf 92' lang='lat' dir='ltr'>quum</span> <span class='ocrx_word' id='word_1_96' title='bbox 1542 923 1666 967; x_wconf 85' lang='lat' dir='ltr'>Plato</span> <span class='ocrx_word' id='word_1_97' title='bbox 1704 924 1748 967; x_wconf 91' lang='lat' dir='ltr'>in</span> 
     </span>
     <span class='ocr_line' id='line_1_13' title="bbox 147 995 1748 1054; baseline -0.002 -12"><span class='ocrx_word' id='word_1_98' title='bbox 147 996 339 1054; x_wconf 79' lang='lat' dir='ltr'>Dionysii</span> <span class='ocrx_word' id='word_1_99' title='bbox 369 996 501 1040; x_wconf 85' lang='lat' dir='ltr'>hortis</span> <span class='ocrx_word' id='word_1_100' title='bbox 532 1009 557 1041; x_wconf 90' lang='lat' dir='ltr'>a</span> <span class='ocrx_word' id='word_1_101' title='bbox 584 995 767 1054; x_wconf 88' lang='lat' dir='ltr'>janitore</span> <span class='ocrx_word' id='word_1_102' title='bbox 798 996 1028 1041; x_wconf 85' lang='lat' dir='ltr'>custoditus</span> <span class='ocrx_word' id='word_1_103' title='bbox 1061 995 1363 1049; x_wconf 83' lang='lat' dir='ltr'>deambularet,</span> <span class='ocrx_word' id='word_1_104' title='bbox 1397 996 1522 1052; x_wconf 88' lang='lat' dir='ltr'>atque</span> <span class='ocrx_word' id='word_1_105' title='bbox 1544 995 1617 1040; x_wconf 90' lang='lat' dir='ltr'>ille</span> <span class='ocrx_word' id='word_1_106' title='bbox 1639 1009 1748 1040; x_wconf 88' lang='lat' dir='ltr'>mer-</span> 
     </span>
     <span class='ocr_line' id='line_1_14' title="bbox 149 1068 1746 1125; baseline -0.001 -12"><span class='ocrx_word' id='word_1_107' title='bbox 149 1069 326 1113; x_wconf 89' lang='lat' dir='ltr'>cenariis</span> <span class='ocrx_word' id='word_1_108' title='bbox 359 1069 567 1125; x_wconf 86' lang='lat' dir='ltr'>stipendia</span> <span class='ocrx_word' id='word_1_109' title='bbox 597 1070 784 1113; x_wconf 88' lang='lat' dir='ltr'>minuere</span> <span class='ocrx_word' id='word_1_110' title='bbox 816 1070 960 1113; x_wconf 86' lang='lat' dir='ltr'>contra</span> <span class='ocrx_word' id='word_1_111' title='bbox 990 1069 1123 1125; x_wconf 88' lang='lat' dir='ltr'>patris</span> <span class='ocrx_word' id='word_1_112' title='bbox 1152 1068 1494 1112; x_wconf 85' lang='lat' dir='ltr'>consuetudinem</span> <span class='ocrx_word' id='word_1_113' title='bbox 1515 1070 1746 1123; x_wconf 84' lang='lat' dir='ltr'>conaretur,</span> 
     </span>
     <span class='ocr_line' id='line_1_15' title="bbox 151 1140 1747 1199; baseline -0.001 -12"><span class='ocrx_word' id='word_1_114' title='bbox 151 1142 305 1187; x_wconf 89' lang='lat' dir='ltr'>milites</span> <span class='ocrx_word' id='word_1_115' title='bbox 336 1141 381 1185; x_wconf 90' lang='lat' dir='ltr'>in</span> <span class='ocrx_word' id='word_1_116' title='bbox 414 1142 596 1186; x_wconf 86' lang='lat' dir='ltr'>furorem</span> <span class='ocrx_word' id='word_1_117' title='bbox 627 1142 731 1196; x_wconf 91' lang='lat' dir='ltr'>acti,</span> <span class='ocrx_word' id='word_1_118' title='bbox 763 1140 872 1186; x_wconf 89' lang='lat' dir='ltr'>arcis</span> <span class='ocrx_word' id='word_1_119' title='bbox 903 1141 1033 1198; x_wconf 86' lang='lat' dir='ltr'>portis</span> <span class='ocrx_word' id='word_1_120' title='bbox 1047 1176 1057 1195; x_wconf 93' lang='lat'>,</span> <span class='ocrx_word' id='word_1_121' title='bbox 1090 1155 1116 1185; x_wconf 88' lang='lat' dir='ltr'>a</span> <span class='ocrx_word' id='word_1_122' title='bbox 1147 1141 1347 1199; x_wconf 88' lang='lat' dir='ltr'>Dionysio</span> <span class='ocrx_word' id='word_1_123' title='bbox 1378 1141 1552 1196; x_wconf 88' lang='lat' dir='ltr'>clausis,</span> <span class='ocrx_word' id='word_1_124' title='bbox 1589 1155 1747 1199; x_wconf 90' lang='lat' dir='ltr'>paeana</span> 
     </span>
     <span class='ocr_line' id='line_1_16' title="bbox 147 1213 1748 1273; baseline 0 -14"><span class='ocrx_word' id='word_1_125' title='bbox 147 1215 352 1273; x_wconf 88' lang='lat' dir='ltr'>quendam</span> <span class='ocrx_word' id='word_1_126' title='bbox 384 1215 611 1259; x_wconf 86' lang='lat' dir='ltr'>barbarum</span> <span class='ocrx_word' id='word_1_127' title='bbox 633 1214 941 1259; x_wconf 83' lang='lat' dir='ltr'>conclamantes</span> <span class='ocrx_word' id='word_1_128' title='bbox 963 1215 1017 1259; x_wconf 91' lang='lat' dir='ltr'>ad</span> <span class='ocrx_word' id='word_1_129' title='bbox 1038 1214 1201 1259; x_wconf 88' lang='lat' dir='ltr'>moenia</span> <span class='ocrx_word' id='word_1_130' title='bbox 1223 1213 1523 1268; x_wconf 86' lang='lat' dir='ltr'>confluxerunt,</span> <span class='ocrx_word' id='word_1_131' title='bbox 1555 1228 1634 1271; x_wconf 92' lang='lat' dir='ltr'>quo</span> <span class='ocrx_word' id='word_1_132' title='bbox 1655 1229 1748 1272; x_wconf 91' lang='lat' dir='ltr'>per-</span> 
     </span>
     <span class='ocr_line' id='line_1_17' title="bbox 146 1287 1749 1346; baseline 0.001 -13"><span class='ocrx_word' id='word_1_133' title='bbox 146 1289 319 1333; x_wconf 87' lang='lat' dir='ltr'>territus</span> <span class='ocrx_word' id='word_1_134' title='bbox 349 1289 574 1346; x_wconf 84' lang='lat' dir='ltr'>Dionysius</span> <span class='ocrx_word' id='word_1_135' title='bbox 605 1289 769 1344; x_wconf 90' lang='lat' dir='ltr'>praeter</span> <span class='ocrx_word' id='word_1_136' title='bbox 799 1287 1008 1344; x_wconf 86' lang='lat' dir='ltr'>stipendia</span> <span class='ocrx_word' id='word_1_137' title='bbox 1039 1288 1235 1331; x_wconf 87' lang='lat' dir='ltr'>consueta</span> <span class='ocrx_word' id='word_1_138' title='bbox 1266 1287 1352 1331; x_wconf 89' lang='lat' dir='ltr'>alia</span> <span class='ocrx_word' id='word_1_139' title='bbox 1384 1301 1541 1344; x_wconf 90' lang='lat' dir='ltr'>quoque</span> <span class='ocrx_word' id='word_1_140' title='bbox 1572 1288 1632 1333; x_wconf 88' lang='lat' dir='ltr'>eis</span> <span class='ocrx_word' id='word_1_141' title='bbox 1653 1302 1749 1334; x_wconf 90' lang='lat' dir='ltr'>con-</span> 
     </span>
     <span class='ocr_line' id='line_1_18' title="bbox 148 1361 1749 1419; baseline 0 -13"><span class='ocrx_word' id='word_1_142' title='bbox 148 1361 285 1406; x_wconf 89' lang='lat' dir='ltr'>cessit.</span> <span class='ocrx_word' id='word_1_143' title='bbox 350 1362 507 1405; x_wconf 91' lang='lat' dir='ltr'>Rumor</span> <span class='ocrx_word' id='word_1_144' title='bbox 538 1362 691 1417; x_wconf 86' lang='lat' dir='ltr'>serpsit</span> <span class='ocrx_word' id='word_1_145' title='bbox 720 1361 988 1405; x_wconf 86' lang='lat' dir='ltr'>Heraclidem</span> <span class='ocrx_word' id='word_1_146' title='bbox 1021 1361 1206 1416; x_wconf 90' lang='lat' dir='ltr'>equitum</span> <span class='ocrx_word' id='word_1_147' title='bbox 1237 1361 1496 1417; x_wconf 84' lang='lat' dir='ltr'>praefectum</span> <span class='ocrx_word' id='word_1_148' title='bbox 1516 1362 1624 1406; x_wconf 89' lang='lat' dir='ltr'>hanc</span> <span class='ocrx_word' id='word_1_149' title='bbox 1655 1376 1749 1419; x_wconf 92' lang='lat' dir='ltr'>pro-</span> 
     </span>
     <span class='ocr_line' id='line_1_19' title="bbox 147 1433 1749 1491; baseline 0 -12"><span class='ocrx_word' id='word_1_150' title='bbox 147 1447 314 1479; x_wconf 82' lang='lat' dir='ltr'>vocasse</span> <span class='ocrx_word' id='word_1_151' title='bbox 346 1434 607 1487; x_wconf 87' lang='lat' dir='ltr'>seditionem,</span> <span class='ocrx_word' id='word_1_152' title='bbox 640 1447 720 1490; x_wconf 90' lang='lat' dir='ltr'>quo</span> <span class='ocrx_word' id='word_1_153' title='bbox 751 1434 894 1478; x_wconf 88' lang='lat' dir='ltr'>audito</span> <span class='ocrx_word' id='word_1_154' title='bbox 926 1434 1053 1478; x_wconf 87' lang='lat' dir='ltr'>etiam</span> <span class='ocrx_word' id='word_1_155' title='bbox 1075 1433 1322 1478; x_wconf 87' lang='lat' dir='ltr'>Heraclides</span> <span class='ocrx_word' id='word_1_156' title='bbox 1353 1433 1398 1477; x_wconf 93' lang='lat' dir='ltr'>in</span> <span class='ocrx_word' id='word_1_157' title='bbox 1419 1434 1749 1491; x_wconf 89' lang='lat' dir='ltr'>Peloponnesum</span> 
     </span>
     <span class='ocr_line' id='line_1_20' title="bbox 147 1506 1749 1564; baseline 0.001 -12"><span class='ocrx_word' id='word_1_158' title='bbox 147 1507 202 1552; x_wconf 88' lang='lat' dir='ltr'>ad</span> <span class='ocrx_word' id='word_1_159' title='bbox 232 1507 411 1551; x_wconf 91' lang='lat' dir='ltr'>Dionem</span> <span class='ocrx_word' id='word_1_160' title='bbox 442 1507 625 1551; x_wconf 88' lang='lat' dir='ltr'>amicum</span> <span class='ocrx_word' id='word_1_161' title='bbox 658 1507 928 1564; x_wconf 74' lang='lat' dir='ltr'>confugit23).</span> <span class='ocrx_word' id='word_1_162' title='bbox 992 1506 1169 1551; x_wconf 88' lang='lat' dir='ltr'>Platone</span> <span class='ocrx_word' id='word_1_163' title='bbox 1200 1507 1366 1560; x_wconf 89' lang='lat' dir='ltr'>autem,</span> <span class='ocrx_word' id='word_1_164' title='bbox 1407 1508 1456 1550; x_wconf 92' lang='lat' dir='ltr'>ut</span> <span class='ocrx_word' id='word_1_165' title='bbox 1486 1507 1596 1552; x_wconf 90' lang='lat' dir='ltr'>Dion</span> <span class='ocrx_word' id='word_1_166' title='bbox 1632 1522 1749 1554; x_wconf 87' lang='lat' dir='ltr'>revo-</span> 
     </span>
     <span class='ocr_line' id='line_1_21' title="bbox 148 1579 1749 1640; baseline 0.001 -16"><span class='ocrx_word' id='word_1_167' title='bbox 148 1580 312 1624; x_wconf 87' lang='lat' dir='ltr'>caretur</span> <span class='ocrx_word' id='word_1_168' title='bbox 342 1581 533 1636; x_wconf 89' lang='lat' dir='ltr'>precibus</span> <span class='ocrx_word' id='word_1_169' title='bbox 565 1579 828 1637; x_wconf 85' lang='lat' dir='ltr'>gravioribus</span> <span class='ocrx_word' id='word_1_170' title='bbox 866 1580 910 1623; x_wconf 88' lang='lat' dir='ltr'>in</span> <span class='ocrx_word' id='word_1_171' title='bbox 951 1579 1040 1624; x_wconf 90' lang='lat' dir='ltr'>dies</span> <span class='ocrx_word' id='word_1_172' title='bbox 1077 1580 1318 1635; x_wconf 89' lang='lat' dir='ltr'>postulante</span> <span class='ocrx_word' id='word_1_173' title='bbox 1360 1580 1644 1638; x_wconf 87' lang='lat' dir='ltr'>instanteque,</span> <span class='ocrx_word' id='word_1_174' title='bbox 1681 1583 1749 1640; x_wconf 87' lang='lat' dir='ltr'>ty-</span> 
     </span>
     <span class='ocr_line' id='line_1_22' title="bbox 150 1652 1749 1712; baseline 0.002 -16"><span class='ocrx_word' id='word_1_175' title='bbox 150 1666 320 1706; x_wconf 87' lang='lat' dir='ltr'>rannus,</span> <span class='ocrx_word' id='word_1_176' title='bbox 353 1652 475 1709; x_wconf 79' lang='lat' dir='ltr'>quein</span> <span class='ocrx_word' id='word_1_177' title='bbox 505 1653 620 1696; x_wconf 85' lang='lat' dir='ltr'>Plut.</span> <span class='ocrx_word' id='word_1_178' title='bbox 654 1652 865 1709; x_wconf 90' lang='lat' dir='ltr'>Apophth.</span> <span class='ocrx_word' id='word_1_179' title='bbox 906 1666 946 1708; x_wconf 91' lang='lat' dir='ltr'>p.</span> <span class='ocrx_word' id='word_1_180' title='bbox 989 1653 1076 1697; x_wconf 87' lang='lat'>700</span> <span class='ocrx_word' id='word_1_181' title='bbox 1114 1652 1196 1706; x_wconf 88' lang='lat' dir='ltr'>ait,</span> <span class='ocrx_word' id='word_1_182' title='bbox 1242 1653 1398 1697; x_wconf 90' lang='lat' dir='ltr'>multos</span> <span class='ocrx_word' id='word_1_183' title='bbox 1431 1654 1587 1698; x_wconf 89' lang='lat' dir='ltr'>aluisse</span> <span class='ocrx_word' id='word_1_184' title='bbox 1609 1656 1749 1712; x_wconf 90' lang='lat' dir='ltr'>sophi-</span> 
     </span>
     <span class='ocr_line' id='line_1_23' title="bbox 148 1725 1749 1783; baseline 0.002 -13"><span class='ocrx_word' id='word_1_185' title='bbox 148 1727 248 1779; x_wconf 90' lang='lat' dir='ltr'>stas,</span> <span class='ocrx_word' id='word_1_186' title='bbox 282 1738 363 1769; x_wconf 92' lang='lat' dir='ltr'>non</span> <span class='ocrx_word' id='word_1_187' title='bbox 396 1725 503 1782; x_wconf 91' lang='lat' dir='ltr'>quod</span> <span class='ocrx_word' id='word_1_188' title='bbox 535 1738 602 1769; x_wconf 90' lang='lat' dir='ltr'>eos</span> <span class='ocrx_word' id='word_1_189' title='bbox 634 1725 779 1783; x_wconf 87' lang='lat' dir='ltr'>magni</span> <span class='ocrx_word' id='word_1_190' title='bbox 810 1726 1003 1779; x_wconf 84' lang='lat' dir='ltr'>haberet,</span> <span class='ocrx_word' id='word_1_191' title='bbox 1045 1726 1118 1770; x_wconf 87' lang='lat' dir='ltr'>sed</span> <span class='ocrx_word' id='word_1_192' title='bbox 1150 1726 1258 1782; x_wconf 91' lang='lat' dir='ltr'>quod</span> <span class='ocrx_word' id='word_1_193' title='bbox 1289 1727 1431 1771; x_wconf 87' lang='lat' dir='ltr'>favore</span> <span class='ocrx_word' id='word_1_194' title='bbox 1463 1727 1508 1771; x_wconf 91' lang='lat' dir='ltr'>in</span> <span class='ocrx_word' id='word_1_195' title='bbox 1538 1728 1632 1772; x_wconf 92' lang='lat' dir='ltr'>illos</span> <span class='ocrx_word' id='word_1_196' title='bbox 1664 1728 1749 1773; x_wconf 88' lang='lat' dir='ltr'>col-</span> 
     </span>
     <span class='ocr_line' id='line_1_24' title="bbox 146 1797 1748 1854; baseline 0.002 -12"><span class='ocrx_word' id='word_1_197' title='bbox 146 1798 233 1842; x_wconf 86' lang='lat' dir='ltr'>lato</span> <span class='ocrx_word' id='word_1_198' title='bbox 262 1798 351 1854; x_wconf 90' lang='lat' dir='ltr'>ipse</span> <span class='ocrx_word' id='word_1_199' title='bbox 382 1797 660 1842; x_wconf 83' lang='lat' dir='ltr'>admiratione</span> <span class='ocrx_word' id='word_1_200' title='bbox 690 1799 886 1842; x_wconf 87' lang='lat' dir='ltr'>affectum</span> <span class='ocrx_word' id='word_1_201' title='bbox 918 1811 961 1842; x_wconf 88' lang='lat' dir='ltr'>se</span> <span class='ocrx_word' id='word_1_202' title='bbox 999 1799 1146 1853; x_wconf 86' lang='lat' dir='ltr'>vellet,</span> <span class='ocrx_word' id='word_1_203' title='bbox 1195 1799 1259 1843; x_wconf 89' lang='lat' dir='ltr'>ira</span> <span class='ocrx_word' id='word_1_204' title='bbox 1297 1800 1490 1844; x_wconf 90' lang='lat' dir='ltr'>incensus</span> <span class='ocrx_word' id='word_1_205' title='bbox 1528 1800 1748 1846; x_wconf 91' lang='lat' dir='ltr'>Platonem</span> 
     </span>
    </p>
   </div>
   <div class='ocr_carea' id='block_1_2' title="bbox 149 1914 438 1922">
    <p class='ocr_par' dir='ltr' id='par_1_2' title="bbox 149 1914 438 1922">
     <span class='ocr_line' id='line_1_25' title="bbox 149 1914 438 1922; baseline 0 0"><span class='ocrx_word' id='word_1_206' title='bbox 149 1914 438 1922; x_wconf 95' lang='lat' dir='ltr'> </span> 
     </span>
    </p>
   </div>
   <div class='ocr_carea' id='block_1_3' title="bbox 144 1978 1748 2884">
    <p class='ocr_par' dir='ltr' id='par_1_3' title="bbox 146 1978 1748 2335">
     <span class='ocr_line' id='line_1_26' title="bbox 147 1978 1748 2028; baseline 0.002 -10"><span class='ocrx_word' id='word_1_207' title='bbox 147 1981 205 2019; x_wconf 81' lang='lat' dir='ltr'>sin</span> <span class='ocrx_word' id='word_1_208' title='bbox 229 1981 350 2018; x_wconf 88' lang='lat' dir='ltr'>minus</span> <span class='ocrx_word' id='word_1_209' title='bbox 376 1981 634 2027; x_wconf 85' lang='lat' dir='ltr'>integritatem</span> <span class='ocrx_word' id='word_1_210' title='bbox 658 1981 756 2017; x_wconf 87' lang='lat' dir='ltr'>certe</span> <span class='ocrx_word' id='word_1_211' title='bbox 792 1980 920 2018; x_wconf 80' lang='lat' dir='ltr'>tamen</span> <span class='ocrx_word' id='word_1_212' title='bbox 957 1978 1066 2017; x_wconf 86' lang='lat' dir='ltr'>fidem</span> <span class='ocrx_word' id='word_1_213' title='bbox 1100 1979 1252 2028; x_wconf 88' lang='lat' dir='ltr'>probare</span> <span class='ocrx_word' id='word_1_214' title='bbox 1291 1981 1481 2027; x_wconf 59' lang='lat' dir='ltr'>videntum</span> <span class='ocrx_word' id='word_1_215' title='bbox 1520 1982 1564 2021; x_wconf 86' lang='lat' dir='ltr'>cf.</span> <span class='ocrx_word' id='word_1_216' title='bbox 1604 1982 1649 2021; x_wconf 89' lang='lat' dir='ltr'>de</span> <span class='ocrx_word' id='word_1_217' title='bbox 1680 1983 1748 2021; x_wconf 87' lang='lat' dir='ltr'>hoc</span> 
     </span>
     <span class='ocr_line' id='line_1_27' title="bbox 146 2040 1748 2089; baseline 0.001 -10"><span class='ocrx_word' id='word_1_218' title='bbox 146 2042 315 2079; x_wconf 79' lang='lat' dir='ltr'>Platonis</span> <span class='ocrx_word' id='word_1_219' title='bbox 351 2042 485 2078; x_wconf 85' lang='lat' dir='ltr'>itinere</span> <span class='ocrx_word' id='word_1_220' title='bbox 521 2040 691 2088; x_wconf 88' lang='lat' dir='ltr'>Appulej.</span> <span class='ocrx_word' id='word_1_221' title='bbox 723 2052 758 2087; x_wconf 90' lang='lat' dir='ltr'>p.</span> <span class='ocrx_word' id='word_1_222' title='bbox 787 2042 867 2078; x_wconf 95' lang='lat'>160.</span> <span class='ocrx_word' id='word_1_223' title='bbox 909 2041 1085 2077; x_wconf 87' lang='lat' dir='ltr'>Themist.</span> <span class='ocrx_word' id='word_1_224' title='bbox 1125 2044 1217 2078; x_wconf 83' lang='lat' dir='ltr'>orat.</span> <span class='ocrx_word' id='word_1_225' title='bbox 1245 2042 1386 2079; x_wconf 91' lang='lat' dir='ltr'>XXIII.</span> <span class='ocrx_word' id='word_1_226' title='bbox 1414 2054 1448 2089; x_wconf 91' lang='lat' dir='ltr'>p.</span> <span class='ocrx_word' id='word_1_227' title='bbox 1474 2044 1557 2080; x_wconf 82' lang='lat'>285.</span> <span class='ocrx_word' id='word_1_228' title='bbox 1608 2044 1748 2081; x_wconf 89' lang='lat' dir='ltr'>Lucian</span> 
     </span>
     <span class='ocr_line' id='line_1_28' title="bbox 146 2100 1747 2154; baseline 0.003 -15"><span class='ocrx_word' id='word_1_229' title='bbox 146 2113 262 2151; x_wconf 86' lang='lat' dir='ltr'>paras.</span> <span class='ocrx_word' id='word_1_230' title='bbox 290 2113 318 2139; x_wconf 90' lang='lat' dir='ltr'>c.</span> <span class='ocrx_word' id='word_1_231' title='bbox 345 2102 403 2140; x_wconf 98' lang='lat'>34.</span> <span class='ocrx_word' id='word_1_232' title='bbox 430 2101 539 2149; x_wconf 86' lang='lat' dir='ltr'>Diog.</span> <span class='ocrx_word' id='word_1_233' title='bbox 567 2101 690 2139; x_wconf 89' lang='lat' dir='ltr'>Laert.</span> <span class='ocrx_word' id='word_1_234' title='bbox 716 2100 790 2146; x_wconf 89' lang='grc' dir='ltr'>ΙΙΙ,</span> <span class='ocrx_word' id='word_1_235' title='bbox 817 2102 873 2139; x_wconf 91' lang='lat'>16.</span> <span class='ocrx_word' id='word_1_236' title='bbox 901 2101 1002 2139; x_wconf 88' lang='lat' dir='ltr'>Plut.</span> <span class='ocrx_word' id='word_1_237' title='bbox 1028 2101 1125 2139; x_wconf 91' lang='lat' dir='ltr'>Dion</span> <span class='ocrx_word' id='word_1_238' title='bbox 1150 2113 1178 2140; x_wconf 90' lang='lat' dir='ltr'>c.</span> <span class='ocrx_word' id='word_1_239' title='bbox 1208 2103 1263 2140; x_wconf 87' lang='lat'>18.</span> <span class='ocrx_word' id='word_1_240' title='bbox 1291 2102 1401 2140; x_wconf 82' lang='lat' dir='ltr'>Plato</span> <span class='ocrx_word' id='word_1_241' title='bbox 1427 2115 1480 2152; x_wconf 88' lang='lat' dir='ltr'>ep.</span> <span class='ocrx_word' id='word_1_242' title='bbox 1509 2104 1594 2142; x_wconf 91' lang='lat' dir='ltr'>VII.</span> <span class='ocrx_word' id='word_1_243' title='bbox 1621 2116 1655 2154; x_wconf 85' lang='lat' dir='ltr'>p.</span> <span class='ocrx_word' id='word_1_244' title='bbox 1674 2106 1747 2144; x_wconf 88' lang='lat'>338</span> 
     </span>
     <span class='ocr_line' id='line_1_29' title="bbox 148 2162 1746 2210; baseline 0.002 -9"><span class='ocrx_word' id='word_1_245' title='bbox 148 2165 278 2202; x_wconf 87' lang='lat'>—340.</span> <span class='ocrx_word' id='word_1_246' title='bbox 330 2163 423 2200; x_wconf 88' lang='lat' dir='ltr'>Tum</span> <span class='ocrx_word' id='word_1_247' title='bbox 460 2163 499 2201; x_wconf 83' lang='lat' dir='ltr'>in</span> <span class='ocrx_word' id='word_1_248' title='bbox 530 2165 741 2200; x_wconf 89' lang='lat' dir='ltr'>universum</span> <span class='ocrx_word' id='word_1_249' title='bbox 764 2162 852 2200; x_wconf 88' lang='lat' dir='ltr'>Ast:</span> <span class='ocrx_word' id='word_1_250' title='bbox 892 2164 1043 2210; x_wconf 66' lang='lat' dir='ltr'>‘Blatonss</span> <span class='ocrx_word' id='word_1_251' title='bbox 1077 2164 1179 2202; x_wconf 64' lang='lat' dir='ltr'>&amp;beu</span> <span class='ocrx_word' id='word_1_252' title='bbox 1205 2165 1277 2202; x_wconf 78' lang='lat' dir='ltr'>nub</span> <span class='ocrx_word' id='word_1_253' title='bbox 1303 2165 1488 2210; x_wconf 55' lang='lat' dir='ltr'>&amp;christeta</span> <span class='ocrx_word' id='word_1_254' title='bbox 1540 2166 1746 2205; x_wconf 82' lang='lat' dir='ltr'>Hermann:</span> 
     </span>
     <span class='ocr_line' id='line_1_30' title="bbox 146 2222 1748 2274; baseline 0.001 -10"><span class='ocrx_word' id='word_1_255' title='bbox 146 2224 324 2272; x_wconf 61' lang='lat' dir='ltr'>usefdyictyte</span> <span class='ocrx_word' id='word_1_256' title='bbox 351 2226 432 2262; x_wconf 67' lang='lat' dir='ltr'>uni&gt;</span> <span class='ocrx_word' id='word_1_257' title='bbox 470 2225 609 2272; x_wconf 59' lang='lat' dir='ltr'>&amp;ostem</span> <span class='ocrx_word' id='word_1_258' title='bbox 649 2225 706 2262; x_wconf 75' lang='lat' dir='ltr'>bet</span> <span class='ocrx_word' id='word_1_259' title='bbox 743 2222 979 2272; x_wconf 47' lang='lat' dir='ltr'>&amp;Iatonifdyen</span> <span class='ocrx_word' id='word_1_260' title='bbox 1021 2223 1243 2272; x_wconf 62' lang='lat' dir='ltr'>ffibitofoptyie.</span> <span class='ocrx_word' id='word_1_261' title='bbox 1294 2225 1438 2263; x_wconf 86' lang='lat' dir='ltr'>Ritter:</span> <span class='ocrx_word' id='word_1_262' title='bbox 1476 2225 1654 2274; x_wconf 59' lang='lat' dir='ltr'>&amp;efdyidyte</span> <span class='ocrx_word' id='word_1_263' title='bbox 1690 2228 1748 2267; x_wconf 75' lang='lat' dir='ltr'>bet</span> 
     </span>
     <span class='ocr_line' id='line_1_31' title="bbox 146 2286 654 2335; baseline -0.006 -9"><span class='ocrx_word' id='word_1_264' title='bbox 146 2286 359 2335; x_wconf 57' lang='lat' dir='ltr'>ffityitofopbie</span> <span class='ocrx_word' id='word_1_265' title='bbox 383 2286 433 2323; x_wconf 93' lang='lat' dir='ltr'>II.</span> <span class='ocrx_word' id='word_1_266' title='bbox 460 2298 494 2334; x_wconf 88' lang='lat' dir='ltr'>p.</span> <span class='ocrx_word' id='word_1_267' title='bbox 523 2287 593 2324; x_wconf 85' lang='lat'>156</span> <span class='ocrx_word' id='word_1_268' title='bbox 618 2286 654 2333; x_wconf 68' lang='grc' dir='ltr'>ἤ.</span> 
     </span>
    </p>

    <p class='ocr_par' dir='ltr' id='par_1_4' title="bbox 144 2346 1746 2698">
     <span class='ocr_line' id='line_1_32' title="bbox 243 2346 1746 2394; baseline 0.003 -12"><span class='ocrx_word' id='word_1_269' title='bbox 243 2347 290 2394; x_wconf 75' lang='lat'>2¹)</span> <span class='ocrx_word' id='word_1_270' title='bbox 316 2347 394 2392; x_wconf 82' lang='lat' dir='ltr'>Quo</span> <span class='ocrx_word' id='word_1_271' title='bbox 418 2349 580 2393; x_wconf 88' lang='lat' dir='ltr'>tempore</span> <span class='ocrx_word' id='word_1_272' title='bbox 606 2346 719 2383; x_wconf 86' lang='lat' dir='ltr'>tertio</span> <span class='ocrx_word' id='word_1_273' title='bbox 743 2347 852 2383; x_wconf 86' lang='lat' dir='ltr'>Plato</span> <span class='ocrx_word' id='word_1_274' title='bbox 889 2348 963 2384; x_wconf 86' lang='lat' dir='ltr'>iter</span> <span class='ocrx_word' id='word_1_275' title='bbox 1000 2347 1039 2383; x_wconf 90' lang='lat' dir='ltr'>in</span> <span class='ocrx_word' id='word_1_276' title='bbox 1065 2347 1230 2384; x_wconf 86' lang='lat' dir='ltr'>Siciliam</span> <span class='ocrx_word' id='word_1_277' title='bbox 1268 2347 1416 2393; x_wconf 83' lang='lat' dir='ltr'>fecerit,</span> <span class='ocrx_word' id='word_1_278' title='bbox 1455 2349 1544 2386; x_wconf 86' lang='lat' dir='ltr'>licet</span> <span class='ocrx_word' id='word_1_279' title='bbox 1573 2350 1746 2388; x_wconf 82' lang='lat' dir='ltr'>certiores</span> 
     </span>
     <span class='ocr_line' id='line_1_33' title="bbox 146 2405 1746 2456; baseline 0.002 -11"><span class='ocrx_word' id='word_1_280' title='bbox 146 2419 219 2445; x_wconf 89' lang='lat' dir='ltr'>non</span> <span class='ocrx_word' id='word_1_281' title='bbox 243 2406 335 2444; x_wconf 84' lang='lat' dir='ltr'>facti</span> <span class='ocrx_word' id='word_1_282' title='bbox 359 2407 483 2451; x_wconf 75' lang='lat' dir='ltr'>simus,</span> <span class='ocrx_word' id='word_1_283' title='bbox 520 2418 666 2453; x_wconf 86' lang='lat' dir='ltr'>prorsus</span> <span class='ocrx_word' id='word_1_284' title='bbox 702 2405 879 2445; x_wconf 84' lang='lat' dir='ltr'>distincte</span> <span class='ocrx_word' id='word_1_285' title='bbox 916 2409 1096 2445; x_wconf 85' lang='lat' dir='ltr'>constitui</span> <span class='ocrx_word' id='word_1_286' title='bbox 1132 2410 1267 2455; x_wconf 86' lang='lat' dir='ltr'>potest.</span> <span class='ocrx_word' id='word_1_287' title='bbox 1319 2409 1435 2446; x_wconf 86' lang='lat' dir='ltr'>Nobis</span> <span class='ocrx_word' id='word_1_288' title='bbox 1473 2411 1668 2456; x_wconf 83' lang='lat' dir='ltr'>cognitum</span> <span class='ocrx_word' id='word_1_289' title='bbox 1688 2413 1746 2448; x_wconf 88' lang='lat' dir='ltr'>est</span> 
     </span>
     <span class='ocr_line' id='line_1_34' title="bbox 145 2467 1746 2515; baseline 0.002 -11"><span class='ocrx_word' id='word_1_290' title='bbox 145 2468 254 2515; x_wconf 86' lang='lat' dir='ltr'>paulo</span> <span class='ocrx_word' id='word_1_291' title='bbox 279 2470 374 2515; x_wconf 79' lang='lat' dir='ltr'>post,</span> <span class='ocrx_word' id='word_1_292' title='bbox 400 2479 511 2515; x_wconf 88' lang='lat' dir='ltr'>quum</span> <span class='ocrx_word' id='word_1_293' title='bbox 536 2467 645 2503; x_wconf 85' lang='lat' dir='ltr'>Plato</span> <span class='ocrx_word' id='word_1_294' title='bbox 673 2468 870 2514; x_wconf 81' lang='lat' dir='ltr'>Syracusas</span> <span class='ocrx_word' id='word_1_295' title='bbox 895 2470 1069 2513; x_wconf 85' lang='lat' dir='ltr'>venisset,</span> <span class='ocrx_word' id='word_1_296' title='bbox 1096 2469 1209 2505; x_wconf 87' lang='lat' dir='ltr'>solem</span> <span class='ocrx_word' id='word_1_297' title='bbox 1234 2469 1418 2513; x_wconf 89' lang='lat' dir='ltr'>defecisse,</span> <span class='ocrx_word' id='word_1_298' title='bbox 1445 2470 1489 2507; x_wconf 85' lang='lat' dir='ltr'>cf.</span> <span class='ocrx_word' id='word_1_299' title='bbox 1517 2471 1617 2507; x_wconf 89' lang='lat' dir='ltr'>Plut.</span> <span class='ocrx_word' id='word_1_300' title='bbox 1647 2471 1746 2508; x_wconf 88' lang='lat' dir='ltr'>Dion</span> 
     </span>
     <span class='ocr_line' id='line_1_35' title="bbox 146 2528 1745 2577; baseline 0.003 -12"><span class='ocrx_word' id='word_1_301' title='bbox 146 2538 175 2564; x_wconf 85' lang='lat' dir='ltr'>c.</span> <span class='ocrx_word' id='word_1_302' title='bbox 202 2529 261 2572; x_wconf 86' lang='lat'>19,</span> <span class='ocrx_word' id='word_1_303' title='bbox 297 2530 340 2565; x_wconf 88' lang='lat' dir='ltr'>ut</span> <span class='ocrx_word' id='word_1_304' title='bbox 365 2530 597 2576; x_wconf 85' lang='lat' dir='ltr'>computatur</span> <span class='ocrx_word' id='word_1_305' title='bbox 623 2528 680 2565; x_wconf 84' lang='lat'>12.</span> <span class='ocrx_word' id='word_1_306' title='bbox 707 2528 805 2565; x_wconf 85' lang='lat' dir='ltr'>Maio</span> <span class='ocrx_word' id='word_1_307' title='bbox 831 2539 862 2566; x_wconf 84' lang='lat' dir='ltr'>a.</span> <span class='ocrx_word' id='word_1_308' title='bbox 890 2530 961 2567; x_wconf 88' lang='grc'>361</span> <span class='ocrx_word' id='word_1_309' title='bbox 999 2530 1141 2577; x_wconf 88' lang='lat' dir='ltr'>vesperi</span> <span class='ocrx_word' id='word_1_310' title='bbox 1178 2529 1267 2566; x_wconf 88' lang='lat' dir='ltr'>hora</span> <span class='ocrx_word' id='word_1_311' title='bbox 1297 2530 1332 2574; x_wconf 89' lang='lat'>4,</span> <span class='ocrx_word' id='word_1_312' title='bbox 1371 2529 1476 2574; x_wconf 90' lang='lat' dir='ltr'>unde,</span> <span class='ocrx_word' id='word_1_313' title='bbox 1514 2533 1559 2567; x_wconf 86' lang='lat' dir='ltr'>ut</span> <span class='ocrx_word' id='word_1_314' title='bbox 1590 2532 1745 2569; x_wconf 86' lang='lat' dir='ltr'>tertium</span> 
     </span>
     <span class='ocr_line' id='line_1_36' title="bbox 144 2588 1746 2638; baseline 0.004 -13"><span class='ocrx_word' id='word_1_315' title='bbox 144 2588 314 2626; x_wconf 86' lang='lat' dir='ltr'>Platonis</span> <span class='ocrx_word' id='word_1_316' title='bbox 338 2590 412 2626; x_wconf 88' lang='lat' dir='ltr'>iter</span> <span class='ocrx_word' id='word_1_317' title='bbox 437 2589 733 2637; x_wconf 66' lang='lat' dir='ltr'>constituendum</span> <span class='ocrx_word' id='word_1_318' title='bbox 758 2590 821 2634; x_wconf 85' lang='lat' dir='ltr'>sit,</span> <span class='ocrx_word' id='word_1_319' title='bbox 847 2590 982 2627; x_wconf 83' lang='lat' dir='ltr'>ultima</span> <span class='ocrx_word' id='word_1_320' title='bbox 1006 2593 1111 2637; x_wconf 86' lang='lat' dir='ltr'>parte</span> <span class='ocrx_word' id='word_1_321' title='bbox 1137 2589 1192 2628; x_wconf 94' lang='lat' dir='ltr'>Ol.</span> <span class='ocrx_word' id='word_1_322' title='bbox 1214 2591 1294 2634; x_wconf 86' lang='lat'>104,</span> <span class='ocrx_word' id='word_1_323' title='bbox 1320 2592 1343 2627; x_wconf 89' lang='lat'><strong>3</strong></span> <span class='ocrx_word' id='word_1_324' title='bbox 1367 2606 1417 2624; x_wconf 68' lang='lat' dir='ltr'><strong><em>z</em></strong></span> <span class='ocrx_word' id='word_1_325' title='bbox 1441 2603 1525 2629; x_wconf 80' lang='lat' dir='ltr'>vere</span> <span class='ocrx_word' id='word_1_326' title='bbox 1550 2593 1636 2638; x_wconf 87' lang='grc'>361,</span> <span class='ocrx_word' id='word_1_327' title='bbox 1662 2604 1746 2632; x_wconf 90' lang='lat' dir='ltr'>con-</span> 
     </span>
     <span class='ocr_line' id='line_1_37' title="bbox 144 2649 1410 2698; baseline 0.002 -11"><span class='ocrx_word' id='word_1_328' title='bbox 144 2650 319 2697; x_wconf 82' lang='lat' dir='ltr'>sequitur.</span> <span class='ocrx_word' id='word_1_329' title='bbox 346 2649 401 2688; x_wconf 78' lang='lat' dir='ltr'>Cf.</span> <span class='ocrx_word' id='word_1_330' title='bbox 429 2650 594 2687; x_wconf 86' lang='lat' dir='ltr'>Barthel.</span> <span class='ocrx_word' id='word_1_331' title='bbox 621 2650 772 2698; x_wconf 82' lang='lat' dir='ltr'>Voyage</span> <span class='ocrx_word' id='word_1_332' title='bbox 798 2650 972 2687; x_wconf 84' lang='lat' dir='ltr'>d&#39;Anach.</span> <span class='ocrx_word' id='word_1_333' title='bbox 999 2653 1123 2688; x_wconf 89' lang='lat' dir='ltr'>annot.</span> <span class='ocrx_word' id='word_1_334' title='bbox 1151 2650 1198 2687; x_wconf 88' lang='lat' dir='ltr'>ad</span> <span class='ocrx_word' id='word_1_335' title='bbox 1223 2651 1323 2698; x_wconf 86' lang='lat' dir='ltr'>chap.</span> <span class='ocrx_word' id='word_1_336' title='bbox 1352 2652 1410 2689; x_wconf 89' lang='grc'>33.</span> 
     </span>
    </p>

    <p class='ocr_par' dir='ltr' id='par_1_5' title="bbox 243 2709 1743 2761">
     <span class='ocr_line' id='line_1_38' title="bbox 243 2709 1743 2761; baseline 0.005 -13"><span class='ocrx_word' id='word_1_337' title='bbox 243 2709 290 2758; x_wconf 74' lang='lat'>²⁵)</span> <span class='ocrx_word' id='word_1_338' title='bbox 316 2709 371 2749; x_wconf 84' lang='lat' dir='ltr'>cf.</span> <span class='ocrx_word' id='word_1_339' title='bbox 397 2710 498 2748; x_wconf 91' lang='lat' dir='ltr'>Plut.</span> <span class='ocrx_word' id='word_1_340' title='bbox 524 2710 622 2748; x_wconf 91' lang='lat' dir='ltr'>Dion</span> <span class='ocrx_word' id='word_1_341' title='bbox 639 2722 668 2749; x_wconf 92' lang='lat' dir='ltr'>c.</span> <span class='ocrx_word' id='word_1_342' title='bbox 685 2712 741 2749; x_wconf 90' lang='lat'>19.</span> <span class='ocrx_word' id='word_1_343' title='bbox 768 2711 877 2749; x_wconf 84' lang='lat' dir='ltr'>Plato</span> <span class='ocrx_word' id='word_1_344' title='bbox 894 2723 950 2760; x_wconf 88' lang='lat' dir='ltr'>ep.</span> <span class='ocrx_word' id='word_1_345' title='bbox 969 2711 1054 2749; x_wconf 92' lang='lat' dir='ltr'>VII.</span> <span class='ocrx_word' id='word_1_346' title='bbox 1080 2723 1114 2759; x_wconf 90' lang='lat' dir='ltr'>p.</span> <span class='ocrx_word' id='word_1_347' title='bbox 1128 2712 1333 2749; x_wconf 88' lang='lat'>346—348.</span> <span class='ocrx_word' id='word_1_348' title='bbox 1359 2712 1492 2751; x_wconf 86' lang='lat' dir='ltr'>Aeliau</span> <span class='ocrx_word' id='word_1_349' title='bbox 1506 2726 1540 2753; x_wconf 81' lang='lat' dir='ltr'>v,</span> <span class='ocrx_word' id='word_1_350' title='bbox 1554 2714 1591 2753; x_wconf 90' lang='lat' dir='ltr'>h.</span> <span class='ocrx_word' id='word_1_351' title='bbox 1606 2715 1672 2761; x_wconf 87' lang='lat' dir='ltr'>1v,</span> <span class='ocrx_word' id='word_1_352' title='bbox 1685 2718 1743 2755; x_wconf 87' lang='lat'>18.</span> 
     </span>
    </p>

    <p class='ocr_par' dir='ltr' id='par_1_6' title="bbox 144 2770 1742 2884">
     <span class='ocr_line' id='line_1_39' title="bbox 243 2770 1742 2823; baseline 0.005 -14"><span class='ocrx_word' id='word_1_353' title='bbox 243 2771 290 2819; x_wconf 77' lang='lat'>²⁸)</span> <span class='ocrx_word' id='word_1_354' title='bbox 316 2770 371 2809; x_wconf 86' lang='lat' dir='ltr'>Cf.</span> <span class='ocrx_word' id='word_1_355' title='bbox 397 2771 507 2809; x_wconf 78' lang='lat' dir='ltr'>Plato</span> <span class='ocrx_word' id='word_1_356' title='bbox 532 2784 585 2820; x_wconf 91' lang='lat' dir='ltr'>ep.</span> <span class='ocrx_word' id='word_1_357' title='bbox 613 2772 696 2810; x_wconf 88' lang='lat' dir='ltr'>VH.</span> <span class='ocrx_word' id='word_1_358' title='bbox 723 2783 757 2821; x_wconf 81' lang='lat' dir='ltr'>p.</span> <span class='ocrx_word' id='word_1_359' title='bbox 784 2773 869 2817; x_wconf 85' lang='lat'>348,</span> <span class='ocrx_word' id='word_1_360' title='bbox 894 2774 978 2811; x_wconf 88' lang='lat'>349.</span> <span class='ocrx_word' id='word_1_361' title='bbox 1004 2773 1075 2810; x_wconf 91' lang='grc' dir='ltr'>ΙΙΙ.</span> <span class='ocrx_word' id='word_1_362' title='bbox 1101 2784 1136 2823; x_wconf 87' lang='lat' dir='ltr'>p.</span> <span class='ocrx_word' id='word_1_363' title='bbox 1163 2773 1234 2810; x_wconf 88' lang='grc'>318</span> <span class='ocrx_word' id='word_1_364' title='bbox 1247 2772 1287 2812; x_wconf 85' lang='lat' dir='ltr'>C.</span> <span class='ocrx_word' id='word_1_365' title='bbox 1314 2772 1422 2814; x_wconf 88' lang='lat' dir='ltr'>Diod.</span> <span class='ocrx_word' id='word_1_366' title='bbox 1450 2775 1551 2822; x_wconf 77' lang='lat' dir='ltr'>XVI,</span> <span class='ocrx_word' id='word_1_367' title='bbox 1576 2778 1609 2815; x_wconf 89' lang='grc'>6.</span> <span class='ocrx_word' id='word_1_368' title='bbox 1636 2776 1742 2820; x_wconf 80' lang='lat' dir='ltr'>Com.</span> 
     </span>
     <span class='ocr_line' id='line_1_40' title="bbox 144 2831 473 2884; baseline 0.003 -13"><span class='ocrx_word' id='word_1_369' title='bbox 144 2831 235 2884; x_wconf 80' lang='lat' dir='ltr'>Nep.</span> <span class='ocrx_word' id='word_1_370' title='bbox 261 2831 359 2872; x_wconf 86' lang='lat' dir='ltr'>Dion</span> <span class='ocrx_word' id='word_1_371' title='bbox 383 2843 411 2873; x_wconf 81' lang='lat' dir='ltr'>c.</span> <span class='ocrx_word' id='word_1_372' title='bbox 439 2833 473 2872; x_wconf 85' lang='lat'>5.</span> 
     </span>
    </p>
   </div>
  </div>
 </body>
</html>
