1916 3085
943 101 1005 149 30

169 238 217 269 ex
237 238 332 270 arce
362 224 527 270 remisit
557 238 734 282 eumque
772 224 885 270 inter
920 225 1081 270 milites
1123 224 1399 271 conductitios
1439 225 1601 273 versari
1633 221 1772 287 jussit}

169 297 280 352 Quid
320 297 429 354 quod
466 298 556 341 tota
588 298 802 356 Archytae
834 291 1293 355 Phytagoreorumque‚
1327 299 1399 355 qui
1430 300 1627 358 Dionysio
1657 300 1775 356 lega-

169 371 234 415 tos
268 371 511 415 Lamiscum
546 371 589 414 et
619 370 843 414 Photidam
875 370 1099 425 miserunt,
1142 371 1393 416 auctoritate
1431 372 1499 416 vix
1537 386 1584 417 eo
1622 372 1776 421 adduci

166 443 317 500 potuit,
350 444 400 488 ut
430 443 554 487 Plato
586 444 643 487 ab
672 443 814 488 exsilio
847 444 891 487 et
921 444 1067 497 morte,
1102 457 1206 501 quae
1236 444 1486 489 imminebat
1515 453 1540 489 a
1562 458 1774 490 mercena-

165 516 254 568 riis,
287 516 615 573 liberaretur24).
679 516 776 559 Tali
806 516 928 560 modo
950 516 1074 560 Plato
1105 518 1151 560 in
1173 517 1407 569 Graeciam,
1439 516 1513 561 ubi
1544 530 1641 561 cum
1673 518 1774 562 Die.-

167 602 218 633 ne
255 590 300 632 in
342 589 456 633 ludis
487 588 708 646 olympicis
740 589 988 633 versabatur
1002 623 1012 643 ‚
1044 590 1253 645 proposito
1286 603 1359 635 suo
1380 590 1555 634 minime
1575 589 1772 646 perfecto,

165 662 305 715 rediit,
339 662 524 706 extrema
555 662 673 718 parte
706 661 772 706 Ol.
809 662 1089 715 104,4=vere
1111 662 1280 719 36025).
1347 662 1629 719 Simultatque
1649 662 1773 707 Plato

165 736 280 780 omni
317 736 507 792 praecisa
547 736 846 780 reconciliandi
888 749 960 792 spe
1003 735 1173 780 domum
1214 749 1258 780 se
1298 736 1498 790 contulit,
1548 736 1771 794 Dionysius

166 808 324 852 Areten
355 809 547 862 invitam,
582 809 729 852 Dionis
762 821 943 861 uxorem,
977 822 1073 852 cum
1101 808 1338 853 Timocrate
1369 809 1702 853 familiarissimo
1722 821 1771 853 ac

166 882 351 925 satellite
384 895 470 933 suo,
504 881 771 924 matrimonio
802 880 1031 937 conjunxit,
1062 881 1211 924 Dionis
1243 894 1339 925 vero
1365 881 1501 937 filium
1523 882 1583 925 sic
1603 881 1772 925 educari

160 954 302 1011 jussit,
337 953 385 996 ut
415 953 675 1010 indulgendo
705 952 962 1008 turpissimis
994 952 1251 995 imbueretur
1281 952 1597 1008 cupiditatibus,
1639 953 1771 1009 patris

164 1027 243 1070 hac
275 1027 321 1069 in
352 1039 397 1070 re
425 1026 637 1083 justitiam
669 1025 844 1069 minime
876 1025 1081 1077 imitatus,
1115 1024 1185 1079 qui
1207 1024 1414 1081 Polyxeno
1435 1025 1516 1068 sibi
1537 1024 1768 1077 insidianti,

165 1112 333 1143 uxorem
365 1099 551 1142 Thesten
581 1097 787 1142 intactam
820 1097 874 1141 ad
905 1098 1081 1142 mortem
1117 1110 1244 1153 usque
1277 1098 1540 1155 servavitw).

284 1172 384 1217 Jam
415 1171 470 1216 ad
503 1171 682 1215 Dionem
712 1171 975 1215 transeamus
1007 1170 1062 1223 et,
1096 1183 1200 1227 quac
1230 1169 1457 1228 longinquo
1493 1170 1629 1215 exsilii
1660 1171 1769 1215 tem-

165 1258 265 1302 pore
298 1246 435 1300 coepit
467 1257 779 1301 cognoscamus.
853 1244 978 1295 Dion,
1012 1243 1226 1299 Syracusis
1259 1244 1452 1299 expulsus
1483 1243 1537 1286 ad
1567 1244 1768 1298 Pelopon-

162 1331 307 1362 nesum
341 1330 385 1361 se
417 1316 609 1369 contulit,
642 1316 766 1360 modo
799 1315 991 1369 Athenis,
1026 1328 1106 1371 qua
1138 1315 1183 1358 in
1214 1315 1316 1359 urbe
1348 1314 1537 1372 Callippo
1565 1315 1768 1360 familiari

162 1404 235 1434 suo
273 1391 437 1445 hospite
478 1390 695 1441 utebatur,
739 1388 861 1432 modo
900 1389 944 1431 in
986 1388 1084 1432 aliis
1117 1388 1316 1432 Graeciae
1347 1388 1534 1442 urbibus,
1567 1388 1766 1445 Megaris,

163 1463 339 1519 Spartae
371 1462 632 1505 versabatur.
698 1461 863 1523 Ubique
896 1473 992 1504 cum
1024 1460 1181 1516 optimo
1213 1473 1372 1516 quoque
1403 1462 1446 1505 et
1476 1460 1520 1504 in
1552 1461 1766 1517 republica

161 1535 384 1580 tractanda
401 1534 684 1579 versatissimo
698 1534 788 1578 viro
800 1533 1137 1586 communicavit,
1161 1533 1311 1589 ubique
1334 1547 1495 1577 summa
1512 1547 1605 1578 eum
1629 1546 1767 1590 prose-

162 1609 366 1664 quebatur
386 1607 612 1650 auctoritas
623 1608 748 1662 atque
769 1607 1040 1651 familiaritas
1055 1608 1223 1662 propter
1237 1607 1362 1651 mites
1385 1620 1477 1651 suos
1499 1620 1547 1651 ac
1560 1607 1766 1651 modestos

162 1694 311 1733 mores,
345 1680 513 1736 propter
544 1679 747 1722 virtutem
769 1692 817 1722 ac
838 1680 1188 1736 prudentiamv).
1223 1679 1304 1724 Sed
1335 1692 1415 1735 quo
1435 1679 1636 1723 maiorem
1657 1679 1765 1722 Dion

161 1752 460 1808 assequebatur
495 1751 791 1795 auctoritatem
828 1751 1080 1807 virtutisque
1112 1752 1227 1795 fama
1258 1765 1336 1808 quo
1368 1752 1506 1809 magis
1539 1752 1765 1809 Syracusas

160 1825 357 1870 veniebat
388 1837 518 1881 eaque
550 1836 593 1868 re
624 1824 701 1868 alii
732 1823 895 1877 timore,
929 1824 1006 1868 alii
1037 1837 1108 1880 spe
1140 1824 1351 1868 libertatis
1381 1824 1686 1878 afficiebantur,
1719 1837 1766 1869 eo

258 2007 305 2054 24)
332 2006 386 2044 Cf.
414 2006 525 2042 Plato
551 2017 605 2052 ep.
634 2006 718 2043 VII.
746 2017 779 2052 p.
807 2007 891 2049 349,
917 2007 991 2043 350
1017 2008 1055 2043 et
1080 2006 1261 2053 imprimis
1287 2006 1395 2052 Diog.
1423 2006 1545 2041 Lacr-t.
1573 2005 1645 2048 111,
1674 2007 1729 2042 15.

257 2067 305 2113 ¹⁵)
331 2066 361 2102 E
387 2067 486 2103 Plat.
523 2077 577 2113 ep.
611 2066 697 2102 VII.
740 2077 775 2113 p.
802 2067 875 2103 350
900 2065 928 2104 C
972 2069 1010 2103 et
1047 2067 1155 2114 Diog.
1200 2067 1323 2103 Laert.
1351 2066 1422 2109 III,
1451 2066 1498 2102 20
1529 2066 1764 2112 cognovimus

158 2127 374 2171 Platonem,
418 2138 530 2174 quum
567 2128 608 2163 in
636 2126 838 2164 Graeciam
876 2129 1123 2164 reverteretur
1163 2128 1319 2163 Dionem
1361 2127 1401 2163 in
1442 2126 1539 2162 ludis
1580 2127 1763 2164 invenisse

158 2189 350 2236 olympicis
376 2198 530 2235 eumque
569 2187 612 2223 dc
638 2188 758 2225 irritis
784 2188 903 2235 operis
929 2188 1005 2224 suis
1030 2189 1222 2225 certiorem
1248 2187 1393 2231 fecisse,
1433 2198 1504 2234 quo
1530 2186 1628 2223 facto
1653 2188 1762 2231 Dion,

158 2253 202 2287 ut
233 2249 499 2297 expeditionem
533 2252 660 2286 contra
691 2249 910 2296 Dionysium
951 2249 1104 2292 faceret,
1137 2249 1177 2285 in
1215 2248 1378 2284 animum
1417 2246 1564 2284 induxit
1572 2262 1581 2291 ;
1632 2246 1763 2285 deinde

158 2310 281 2349 media
308 2313 461 2354 aestate,
502 2321 614 2357 quum
639 2309 735 2346 Dionv
763 2310 944 2356 Zacynthi
978 2320 1109 2345 navem
1135 2308 1401 2351 conscenderet,
1440 2308 1552 2344 solem
1578 2308 1762 2352 defecisse,

158 2371 254 2420 quod
280 2381 456 2416 magnum
489 2373 666 2406 terrorem
705 2369 891 2405 militibus
930 2369 1079 2415 injecit,
1114 2370 1247 2416 quique
1280 2368 1443 2405 defectus
1469 2370 1491 2405 9
1516 2369 1649 2404 Sextili
1675 2370 1762 2405 a'nni

157 2432 228 2470 357
253 2448 302 2464 2—-
328 2430 384 2469 Ol.
415 2430 496 2473 105,
522 2430 557 2474 4,
585 2429 629 2467 cf.
655 2429 912 2477 Barthelemy:
951 2430 1102 2478 Voyage
1135 2429 1308 2469 d'Anach.
1342 2431 1467 2466 annot.
1494 2428 1543 2466 ad
1575 2428 1675 2476 chap.
1704 2429 1761 2473 33,

156 2493 276 2530 factus
302 2504 379 2530 csse
406 2492 553 2528 dicitur.
606 2491 738 2537 Itaque
765 2502 876 2538 quum
901 2491 1022 2534 Plato,
1061 2493 1104 2527 ut
1143 2502 1250 2538 supra
1290 2490 1639 2533 demonstravimus,
1680 2501 1761 2527 vere

156 2555 244 2591 anni
269 2555 339 2591 361
380 2554 419 2589 in
458 2552 624 2589 Siciliam
663 2551 846 2598 profectus
880 2552 941 2595 sit,
981 2563 1053 2588 non
1091 2551 1189 2588 ludis
1227 2552 1301 2588 nisi
1339 2551 1533 2599 olympicis
1571 2551 1660 2587 anni
1690 2552 1763 2589 360

155 2615 367 2652 interfuisse
393 2616 525 2661 potest.
579 2613 712 2660 Itaque
750 2613 823 2649 iter
861 2612 938 2649 cius
977 2612 1273 2649 constituendum
1311 2615 1368 2649 est
1407 2612 1491 2648 inde
1517 2624 1539 2649 a
1565 2624 1648 2649 vere
1674 2614 1761 2650 anni

155 2677 227 2713 361
253 2687 367 2723 usque
394 2674 441 2711 ad
466 2675 576 2711 finem
602 2675 697 2710 veris
722 2674 804 2710 360.

255 2736 301 2784 ²⁰)
327 2736 514 2774 Cf.-Corn.
542 2736 634 2782 Nep.
661 2735 758 2771 Dion
783 2724 873 2772 cs4.
901 2735 1000 2772 Plut.
1028 2736 1125 2772 Dion
1151 2747 1178 2773 c.
1206 2736 1264 2772 21.
1305 2733 1437 2770 Aelian
1464 2746 1495 2771 v.
1524 2734 1559 2772 h.
1588 2735 1674 2777 XII,
1700 2734 1758 2772 47.

253 2798 300 2845 ¹⁷)
328 2797 383 2835 Cf.
421 2797 521 2834 Plut.
561 2797 658 2833 Dion
695 2807 723 2833 c.
754 2796 808 2832 17.
849 2795 955 2832 Diod.
993 2796 1093 2839 XVI,
1130 2798 1162 2833 6.
1202 2795 1284 2832 Val.
1326 2795 1419 2832 Max.
1448 2795 1512 2838 IV,
1548 2798 1568 2832 1
1607 2796 1698 2832 extr.
1726 2796 1758 2833 3.

154 2858 290 2899 Annot.
318 2857 365 2896 ad
391 2857 498 2898 Corn.
524 2856 614 2907 Nep.
642 2856 750 2897 Dion.
779 2867 806 2895 c.
834 2856 859 2895 4
884 2856 939 2895 ed.
967 2856 1120 2896 Bardili.
