1916 3085
906 78 971 124 *47

144 201 304 252 onustis
334 199 389 246 ad
418 199 583 258 patrem
614 199 659 245 in
691 200 862 245 Italiam
893 202 1094 259 navigare
1121 203 1260 258 posset
1274 236 1285 255 ,
1318 202 1373 246 ad
1396 201 1504 258 quod
1526 202 1742 258 spectacu-

146 279 235 323 lum
251 274 394 328 cuncti
410 275 521 318 cives
537 273 656 330 quasi
672 272 827 317 indicto
843 273 951 318 festo
965 274 1261 318 confluxerunt.
1285 274 1350 318 01.
1373 276 1473 327 106,
1492 274 1739 332 2:35516).

143 351 254 394 Dion
286 360 382 392 vero
415 347 461 390 in
490 359 630 390 arcem
662 359 706 389 se
738 346 935 399 contulit,
974 347 1048 390 ubi
1078 348 1171 401 post
1202 347 1418 391 duodecim
1448 360 1577 391 annos
1607 347 1742 403 primo

144 420 304 465 Areten
335 419 569 476 conjugem,
602 430 706 474 quae
726 418 867 462 insons
887 417 1115 462 Timocrati
1137 419 1227 462 erat
1247 420 1389 474 nupta,
1422 419 1741 463 Aristomachen

145 506 328 538 sororem
359 492 575 548 filiumque
606 491 888 547 Hipparinum
919 490 1106 548 vidit17),
1139 505 1240 547 quos
1270 505 1411 536 omnes
1442 493 1742 549 benignissime

145 578 222 610 nec
241 565 343 609 ‘sine
374 564 566 609 lacrimis
587 563 816 620 amplexus,
850 576 944 607 arce
967 563 1236 621 Syracusanis
1258 564 1428 618 tradita,
1462 565 1506 608 in
1527 566 1743 621 paternam

146 639 315 681 domum
346 650 488 680 secum
520 637 651 679 duxit.

268 709 337 754 Sic
369 708 502 765 igitur
532 707 644 752 Dion
674 708 952 752 admira-tione
985 708 1111 752 simul
1144 722 1193 752 ac
1231 709 1381 753 timore
1421 722 1629 753 summam
1665 709 1746 753 im-

145 784 251 839 perii
281 781 457 836 adeptus
490 781 608 836 quasi
639 781 820 824 dictator
839 781 1093 836 reipublicae
1115 782 1256 825 stabat
1277 783 1416 837 atque,
1449 783 1486 825 si
1513 783 1614 841 tunc
1635 795 1746 825 mor-

145 856 243 900 tuus
276 855 384 898 esset
414 853 527 898 haud
558 853 767 897 immerito
799 866 824 897 a
863 853 1134 911 Syracusanis
1171 855 1333 911 patriae
1371 855 1558 899 servator
1595 868 1746 912 cogno·

146 929 343 980 minatus,
376 941 401 970 a
433 927 676 983 posteritate
708 931 883 971 summis
915 927 1110 971 laudibus
1143 929 1252 971 esset
1284 928 1439 980 elatus,
1479 929 1603 984 atque
1635 930 1747 972 Aca-

148 1002 286 1046 demia
316 1013 518 1057 magnum
555 1000 730 1043 luxisset
756 999 851 1056 jure
892 1000 1155 1057 discipulum.
1228 1000 1308 1045 Sed
1346 1001 1565 1044 etiamtum
1606 1014 1746 1046 omnes

147 1075 248 1118 illae
279 1088 430 1130 eaeque
462 1074 704 1127 deteriores,
739 1074 789 1117 de
822 1074 969 1130 quibus
998 1075 1088 1130 jam
1119 1074 1261 1125 antea,
1294 1087 1457 1118 morum
1489 1075 1619 1130 ipsius
1650 1088 1746 1130 par-

147 1149 233 1201 tes,
267 1160 450 1204 quasque
481 1146 569 1203 ipse
600 1146 723 1190 Plato
755 1146 1021 1191 vehementer
1050 1146 1310 1202 vituperarat
1340 1147 1477 1204 magis
1509 1160 1634 1203 quam
1665 1148 1746 1191 ini-

148 1222 208 1265 tio
239 1222 487 1277 prodibant,
531 1234 635 1276 quae
667 1234 766 1264 sane
803 1233 959 1275 magna
998 1219 1085 1262 eius
1117 1220 1161 1262 in
1190 1220 1373 1274 patriam
1417 1220 1568 1264 merita
1599 1222 1747 1265 obscu-

149 1295 303 1339 rarent.
367 1294 480 1337 Nam
524 1306 794 1349 quamquam,
840 1305 968 1348 quum
1006 1305 1027 1335 e
1064 1291 1345 1348 Peloponneso
1388 1306 1577 1337 reversus
1622 1295 1745 1347 esset,

149 1368 332 1412 oratione
363 1367 583 1423 splendida
615 1366 884 1424 Syracusanis
905 1365 1146 1408 libertatem
1168 1378 1209 1408 se
1232 1365 1495 1408 redditurum
1516 1379 1604 1409 esse
1625 1380 1747 1422 prae-

152 1440 327 1494 dicarat,
359 1441 502 1484 tamen
533 1439 641 1483 nihil
671 1439 731 1483 eis
764 1437 958 1495 dedit19).
1030 1436 1139 1492 Quid
1177 1437 1305 1494 quod,
1345 1439 1535 1494 quamvis
1572 1440 1747 1496 populus

149 1527 406 1569 summopere
437 1514 489 1557 ab
523 1526 570 1557 eo
600 1513 775 1569 peteret,
809 1512 856 1555 ut
888 1524 1040 1564 arcem,
1073 1511 1244 1568 tyranni
1275 1512 1530 1567 sepulcrum,
1571 1513 1746 1557 demoli-

148 1587 277 1640 retur,
308 1586 435 1642 utque
467 1585 582 1629 illius
614 1585 790 1630 cadaver
822 1584 1097 1642 disjiceretur,
1131 1583 1174 1626 id
1205 1583 1377 1627 minime
1408 1585 1613 1640 permisit,
1646 1586 1745 1642 quin

149 1659 290 1713 etiam,
322 1659 532 1703 militibus
563 1658 828 1703 mercenariis
860 1670 941 1701 non
961 1655 1173 1709 dimissis,
1205 1669 1227 1699 e
1249 1656 1439 1701 Platonis
1461 1658 1645 1713 exemplo
1666 1659 1747 1702 rei-

148 1732 340 1788 publicae
371 1732 549 1775 formam
581 1731 626 1774 in
657 1731 900 1787 legitimum
933 1743 981 1773 ac
1012 1742 1055 1771 m
1081 1729 1247 1771 destum
1279 1728 1556 1785 principatum
1580 1744 1746 1786 permu-

148 1806 240 1849 tare
279 1804 441 1848 studuit
479 1804 603 1860 atque
640 1804 747 1847 hanc
784 1804 834 1847 ob
873 1815 1040 1847 causam
1086 1801 1297 1857 adjutores
1336 1801 1532 1846 Corintho
1571 1805 1745 1848 vocavit.

151 1877 286 1932 Quam
316 1889 418 1929 rem,
452 1889 581 1932 quum
613 1876 665 1919 ab
697 1875 922 1919 Heraclide
955 1875 1219 1919 vehementer
1252 1875 1495 1932 impugnari
1527 1876 1634 1920 Dion
1666 1891 1748 1921 non

147 1942 375 2009 ignoraret,
410 1949 623 2003 dictitans,
657 1963 738 1994 non
759 1950 863 1994 bene
894 1948 1197 2005 rempublicam
1229 1950 1323 2006 regi
1353 1949 1581 1994 multorum
1613 1952 1746 2007 impe-

149 2024 224 2078 rio,
257 2023 381 2066 illum
411 2022 568 2076 virum,
603 2035 727 2079 quem
758 2022 865 2065 alias
897 2035 922 2066 a
950 2022 1065 2078 Justo
1097 2023 1302 2078 supplicio
1334 2025 1592 2077 servaverat,
1636 2025 1747 2068 tam-

149 2110 278 2153 quam
308 2096 599 2139 turbulentum
630 2096 956 2152 seditiosumque
987 2096 1122 2140 civem
1153 2097 1396 2140 sicariorum
1423 2098 1549 2141 caede
1569 2098 1746 2142 interfici

148 2169 353 2226 jussit20).
426 2167 544 2222 Quod
597 2167 868 2226 Syracusanis
921 2169 1043 2213 valde
1096 2168 1311 2225 displicuit
1361 2182 1583 2226 omnesque
1635 2183 1749 2214 surn-

249 2290 295 2336 m)
319 2289 392 2326 Hic
422 2300 500 2325 esse
526 2300 651 2325 verum
677 2300 718 2325 ac
754 2291 938 2336 proprium
976 2289 1185 2337 tyrannidis
1222 2290 1329 2325 finem
1367 2289 1571 2336 ponendum
1610 2293 1747 2334 statuo,

152 2361 263 2399 quum
288 2351 378 2387 tunc
402 2348 547 2386 demum
572 2348 742 2398 Dionysii
766 2351 971 2398 imperium,
998 2351 1085 2388 licet
1110 2362 1181 2387 non
1206 2351 1282 2397 ipse
1307 2351 1491 2397 regnarit,
1525 2352 1747 2389 exstinctum

151 2412 203 2448 sit
226 2414 266 2448 et
290 2412 388 2447 Dion
412 2411 603 2457 praecipue
627 2410 677 2447 ad
699 2412 920 2457 reipublicae
946 2412 1191 2458 gubernacula
1216 2410 1412 2447 accederet.

251 2471 297 2518 ¹⁰¹)
322 2470 392 2507 Hic
417 2471 547 2507 Dionis
572 2471 682 2513 filius,
708 2482 815 2517 quem
840 2471 1039 2518 Dionysius
1077 2470 1123 2506 ad
1148 2470 1327 2517 perditam
1361 2472 1541 2508 luxuriam
1579 2474 1748 2521 turpissi-

151 2544 300 2580 masque
325 2531 499 2569 libidines
523 2531 736 2575 adduxerat,
761 2532 869 2579 paulo
894 2534 977 2579 post
1002 2531 1046 2568 de
1071 2532 1252 2578 superiore
1277 2532 1422 2569 aedium
1455 2536 1560 2580 parte
1586 2534 1749 2572 deiectus

151 2596 308 2630 mortem
332 2593 510 2630 occubuit.
553 2592 607 2630 Cf.
635 2592 739 2629 Corn.
767 2592 857 2638 Nep.
897 2592 992 2628 Dion
1019 2603 1047 2628 c.
1076 2593 1108 2628 6.
1148 2592 1279 2629 Aelian
1314 2604 1346 2629 v.
1374 2593 1409 2630 h.
1437 2594 1523 2637 XII,
1548 2596 1608 2632 47.
1647 2596 1747 2633 Plut.

151 2652 248 2690 Dion
273 2665 304 2692 c.
331 2654 389 2692 55.
694 2665 711 2673 ⁵

253 2716 298 2762 ¹⁸)
324 2714 378 2752 Cf.
406 2716 505 2752 Plut.
532 2716 626 2752 Dion
654 2726 683 2752 c.
711 2715 766 2751 51.
794 2713 899 2751 Corn.
927 2714 1018 2760 Nep.
1045 2714 1142 2750 Dion
1167 2726 1196 2751 c.
1226 2716 1257 2751 6.
1294 2715 1426 2752 Aelian
1454 2727 1484 2752 v.
1512 2716 1547 2753 h.
1576 2717 1662 2761 XII,
1688 2719 1747 2756 47.

251 2775 297 2822 ¹⁹)
322 2774 377 2812 cf.
404 2776 503 2813 Plut.
530 2776 627 2812 Dion
652 2787 680 2813 c.
708 2775 765 2812 51.

251 2834 298 2885 ²⁰)
322 2834 512 2883 Ampliora
537 2835 581 2873 de
607 2836 724 2873 Dione
756 2835 873 2873 dicere
906 2847 929 2872 a
953 2835 1058 2873 nobis
1084 2836 1246 2874 alienum
1283 2840 1341 2874 est
1380 2836 1491 2887 idque
1526 2839 1561 2875 ei
1587 2839 1755 2878 tribuen-
