1916 3085
934 84 991 134 14

276 207 417 266 Atque
448 221 576 266 quum
606 208 823 255 nonnullis
854 209 975 255 annis
1005 210 1100 267 post
1130 209 1327 268 Spartani
1356 210 1411 255 ab
1432 205 1760 255 Atheniensibus

155 282 198 326 et
229 282 440 326 Thebanis
471 283 663 339 graviter
692 283 980 339 premerentur
1010 283 1077 338 iis,
1110 297 1238 341 quum
1264 284 1354 341 Jam
1374 284 1500 328 antea
1519 284 1614 340 post
1641 294 1761 339 proe-

154 354 261 399 lium
292 355 405 412 apud
437 354 619 400 Cnidum
650 356 807 414 viginti
837 369 967 401 naves
997 356 1154 402 auxilio
1185 355 1455 416 misisset⁶⁰),
1488 369 1526 401 a.
1560 357 1618 402 37
1622 357 1650 402 3
1680 356 1760 400 ite-

154 442 247 472 rum
281 429 426 473 decem
458 442 586 474 naves
619 430 662 474 et
692 430 817 486 paulo
847 430 963 486 post,
997 443 1127 486 quum
1158 443 1301 475 eorum
1332 429 1442 474 vires
1472 443 1616 487 pugna
1647 429 1759 487 apud

153 502 335 546 Leuctra
366 503 481 546 facta
512 503 674 547 fractae
706 504 857 556 essent,
890 503 973 547 duo
1002 503 1125 547 milia
1157 503 1377 548 Gallorum
1396 502 1759 559 Hispanorumque

153 574 304 618 iisdem
348 575 502 619 auxilio
548 575 669 619 misit
711 575 887 632 denique
919 588 958 620 a.
992 577 1105 630 368,
1154 588 1233 633 quo
1274 589 1382 621 anno
1425 575 1553 619 etiam
1593 574 1755 619 bellum

154 649 299 691 contra
329 649 488 692 Poenos
520 649 677 692 iterum
709 650 865 692 exarsit
894 648 948 692 iis
980 649 1216 692 subsidium
1248 648 1587 706 supportavitssl).
1621 647 1760 702 Quum

154 720 267 765 enim
297 720 524 778 Dionysius
556 721 806 775 audivisset,
846 720 1149 779 Carthaginem
1180 722 1346 779 ingenti
1377 721 1619 778 pestilentia
1648 719 1759 777 peri-

153 793 386 849 culosisque
419 794 695 837 seditionibus
726 794 904 851 agitari,
943 795 1177 850 profectus,
1210 794 1371 847 Selino,
1403 794 1593 847 Entella,
1625 794 1758 850 Eryce
1794 784 1797 786 ⁵

152 866 327 910 urbibus
360 866 509 922 captis,
542 867 789 924 Lilybaeum
822 867 1054 921 obsidebat,
1087 867 1161 912 sed
1191 868 1422 912 Poenorum
1454 867 1548 912 dolo
1577 866 1759 911 maxima

153 940 300 984 classis
321 940 441 995 parte
462 939 618 983 amissa
633 940 688 992 et,
722 953 850 996 quum
871 940 1004 984 hiems
1034 941 1124 998 jam
1145 940 1336 993 instaret,
1368 940 1546 984 indutiis
1578 952 1674 984 cum
1704 939 1758 984 iis

152 1012 298 1067 factis,
341 1012 584 1070 priusquam
615 1013 776 1058 bellum
802 1014 857 1058 ad
873 1013 1000 1058 finem
1021 1013 1245 1070 perducere
1261 1014 1400 1070 posset
1416 1013 1549 1058 morte
1564 1012 1755 1058 decessit.

153 1087 266 1129 Nam
277 1099 406 1142 quum
416 1086 661 1142 tragoediae
674 1084 940 1146 -“Ἐκτορος
955 1084 1090 1145 λύτρα
1102 1112 1158 1117 -
1170 1086 1345 1130 victoria
1357 1086 1537 1130 Athenis
1547 1085 1757 1142 reportata

154 1172 315 1203 summo
347 1159 501 1216 gaudio
533 1159 708 1204 affectus
730 1160 865 1216 epulis
886 1173 935 1204 ac
956 1159 1053 1205 vino
1075 1159 1202 1204 nimis
1223 1159 1479 1216 indulgeret,
1511 1159 1650 1204 aetate
1666 1160 1758 1218 jam

152 1233 373 1288 provectus
403 1231 557 1275 incidit
593 1232 638 1274 in
677 1245 852 1289 gravem
894 1234 1098 1276 morbum.
1162 1232 1303 1288 Atque
1345 1245 1472 1287 quum
1512 1232 1644 1285 Dion,
1686 1232 1758 1288 qui

155 1305 243 1350 eius
274 1305 451 1349 intimus
482 1305 578 1358 fuit,
612 1305 666 1349 cf.
700 1306 814 1349 Plut.
849 1306 959 1350 Dion
991 1319 1025 1350 c.
1060 1307 1102 1359 5,
1136 1308 1176 1350 6.
1211 1305 1331 1349 Corn.
1364 1306 1470 1361 Nep.
1505 1305 1615 1349 Dion
1645 1319 1680 1349 c.
1717 1307 1757 1360 1,

156 1381 197 1432 2,
232 1379 284 1422 (16
316 1378 466 1422 sororis
498 1378 811 1422 Aristomaches
843 1379 988 1422 liberis
1020 1378 1271 1434 colloquium
1309 1391 1334 1422 a
1372 1377 1547 1421 medicis
1583 1379 1756 1434 peteret,

154 1451 327 1508 tyranni
357 1451 471 1494 filius
501 1451 728 1508 Dionysius
759 1452 914 1504 minor,
948 1452 999 1495 de
1031 1465 1110 1507 quo
1141 1451 1376 1495 accuratius
1409 1451 1609 1495 disserere
1639 1451 1758 1496 nobis

155 1524 457 1580 proposuimus,
490 1537 542 1567 ne
574 1537 703 1581 regno
733 1524 989 1579 privaretur,
1021 1524 1189 1577 timens,
1223 1523 1283 1567 eis
1313 1523 1533 1579 persuasit,
1567 1523 1615 1566 ut
1645 1523 1757 1579 patri

153 1609 340 1653 soporem
371 1597 636 1640 mortiferum
679 1597 846 1650 darent,
895 1610 974 1653 quo
1006 1611 1027 1641 e
1060 1596 1149 1641 vita
1178 1596 1355 1640 decessit
1376 1595 1441 1640 Ol.
1469 1597 1597 1649 103‚1
1617 1617 1650 1633 =
1668 1597 1755 1640 367

153 1683 262 1713 anno
293 1669 448 1713 aetatis
481 1669 738 1726 sexagesimo
769 1670 908 1723 tertio,
940 1670 1160 1726 postquam
1193 1668 1608 1726 duodequadraginta
1628 1682 1757 1712 annos

153 1743 373 1800 regnavitss
382 1742 430 1799 2).

251 1889 298 1934 ⁰⁰)
326 1887 381 1924 Cf.
408 1887 573 1933 Xenoph.
600 1886 744 1924 Hellen.
771 1887 814 1930 V,
843 1888 875 1930 1,
903 1888 959 1923 26.

251 1950 297 1996 ⁶¹)
325 1948 380 1986 Cf.
407 1949 571 1995 Xenoph.
598 1948 694 1985 Hell.
724 1949 787 1992 VI,
815 1950 848 1992 2,
875 1950 940 1992 363
968 1948 1051 1992 VII,
1082 1950 1112 1991 1,
1141 1949 1198 1992 20,
1225 1949 1282 1992 22,
1310 1949 1367 1986 28.
1393 1947 1489 1984 Diod
1515 1948 1594 1990 XV,
1619 1948 1679 1991 47,
1700 1948 1756 1985 70.

250 2010 297 2058 ⁰²)
324 2010 379 2048 Cf.
406 2009 512 2046 Diod.
540 2010 618 2053 XV,
648 2010 802 2047 73—74.
841 2010 938 2046 Plin.
966 2010 1001 2046 h.
1028 2022 1063 2047 n.
1091 2010 1174 2053 VII,
1201 2011 1235 2046 3.
1274 2009 1499 2056 corn.,Nep.
1532 2010 1640 2046 Dion.
1666 2020 1696 2047 c.
1723 2010 1757 2046 2.

152 2071 252 2108 Plut.
278 2071 387 2107 Dion.
415 2083 443 2108 c.
472 2073 504 2108 6.
544 2071 672 2107 Justin
698 2071 778 2113 XX,
806 2071 840 2107 5.
879 2071 1022 2106 Deinde
1061 2070 1105 2106 cf.
1141 2070 1184 2106 de
1211 2071 1383 2114 diversis,
1422 2081 1514 2117 quae
1541 2072 1688 2106 exstant
1714 2069 1757 2105 de

152 2132 323 2180 Dionysii
349 2135 478 2175 morte,
505 2133 704 2168 sententiis
729 2132 891 2168 Niehues
917 2143 951 2178 p.
980 2133 1037 2168 76.
1070 2130 1124 2168 Cf.
1153 2132 1265 2167 etiam
1292 2131 1384 2177 Eph.
1410 2131 1543 2177 fragm.
1571 2131 1676 2167 141a
1702 2129 1756 2167 ed.

152 2193 280 2231 Didot.
305 2194 435 2240 Polyb.
450 2193 537 2236 XII,
563 2194 632 2229 4a.
659 2193 734 2230 Cic.
762 2193 853 2238 disp,
880 2192 983 2228 Tusc.
1010 2192 1054 2235 V,
1074 2193 1132 2229 20.
1159 2191 1309 2228 Clinton
1328 2191 1428 2227 Fast.
1447 2191 1545 2227 Heu.
1563 2190 1609 2227 ad
1627 2203 1659 2227 a.
1673 2192 1755 2228 367.
