1916 3085
936 9 999 57 23

164 135 335 184 citasset
365 132 570 188 Philisto,
608 133 747 191 atque,
780 132 830 178 ut
860 132 1056 179 Timaeus
1097 133 1208 191 apud
1253 133 1369 179 Plut.
1402 132 1515 179 Dion
1545 132 1593 177 ll.
1627 132 1770 186 refert,

164 223 259 255 cum
301 220 349 252 eo
389 206 712 259 considerasset,
759 205 937 259 Dionem
966 206 1320 252 reconciliationis
1352 206 1490 263 specie
1521 206 1599 250 sub
1629 217 1771 250 arcem

162 282 217 326 ad
256 293 372 323 mare
416 279 605 324 adduxit.
670 278 752 333 Qui
790 268 887 322 cum
916 278 1084 322 litteras
1115 278 1367 323 ostendisset
1397 278 1434 323 ei
1467 278 1770 335 proditionem-

163 366 242 410 que
273 364 370 396 cum
400 349 549 396 Poenis
577 352 739 396 *factam
760 351 1001 409 irrogasset,
1024 351 1187 395 nullam
1208 351 1516 396 excusationem
1535 350 1768 397 admittens

162 438 258 470 eum
288 424 436 469 statim
467 426 642 482 cymbae
673 424 916 480 impositum
946 423 1001 467 ad
1031 422 1184 468 Italiae
1213 436 1332 468 oram
1362 437 1436 480 per
1462 424 1613 468 nautas
1645 436 1767 480 expo-

162 498 346 546 nendum
377 497 553 542 curavit.
618 496 737 553 Quod
777 497 850 542 ubi
884 496 1100 555 Syracusis
1124 496 1400 555 divulgatum
1431 497 1511 550 est,
1541 497 1664 541 tanta
1694 496 1766 541 be-

160 562 397 617 nevolentia
428 584 508 615 non
541 572 674 615 solum
705 570 875 628 cognati
888 601 918 623 ‚.
946 583 1092 614 verum
1138 570 1269 614 etiam
1314 583 1457 614 omnes
1504 570 1617 614 cives
1670 582 1766 613 eum

158 643 367 701 prosecuti
388 643 499 696 sunt,
522 643 570 686 ut
590 644 679 687 tota
699 643 872 687 civitate
903 654 1083 698 magnus
1115 642 1343 685 exoriretur
1372 642 1595 685 tumultus.
1629 640 1766 696 Quare

155 705 400 773 Dionysius,
433 728 485 760 ne
516 715 719 760 seditione
758 715 897 760 coorta
933 713 1126 772 tyrannis
1168 714 1443 768 everteretur,
1491 714 1671 767 veritus,
1710 713 1765 758 ad

160 788 346 833 omnium
378 788 561 833 dolorem
591 788 819 832 levandum
849 786 1028 831 Dionem
1059 799 1142 831 non
1173 786 1384 832 exsulasse
1415 786 1488 831 sed
1519 786 1576 831 ad
1597 787 1763 843 tempus

154 861 378 911 secessisse
420 861 726 919 Syracusasque
766 861 1002 907 rediturum
1043 873 1132 905 esse
1171 861 1302 913 dixit;
1341 860 1442 917 quin
1474 861 1604 904 etiam
1635 859 1763 904 fami-

157 933 333 978 liaribus
372 934 565 991 permisit
605 934 708 978 duas
754 947 894 984 naves,
927 933 1097 990 quibus,
1140 946 1407 991 quaecunque
1452 946 1501 977 ex
1531 933 1665 986 bonis,
1696 933 1742 977 fa

158 1006 285 1051 mulis
316 1006 542 1062 amicisque
573 1006 721 1051 Dionis
752 1006 949 1062 imposita
981 1006 1140 1050 vellent
1159 1006 1214 1050 ad
1236 1006 1375 1062 ipsum
1396 1005 1441 1049 in
1463 1005 1759 1062 Peloponneso,

157 1091 235 1135 quo
266 1090 314 1122 ex
344 1078 472 1123 Italia
503 1091 546 1123 se
577 1079 823 1132 contulerat,
857 1068 1092 1135 degentem,
1126 1077 1443 1134 deportarentur
1451 1078 1523 1135 ²⁴).
1570 1077 1641 1123 Sic
1667 1079 1760 1136 Jam

158 1152 306 1207 quarto
337 1164 479 1195 mense
509 1153 603 1207 post
643 1151 833 1196 Platonis
874 1151 1103 1194 adventum
1134 1150 1262 1195 Dioni
1300 1152 1412 1195 artes
1454 1150 1620 1206 dolique
1658 1150 1759 1194 Phi-

158 1224 250 1269 listi
279 1223 473 1281 fugiendi
505 1224 637 1268 erant.
670 1223 736 1285 Ol.
774 1223 1079 1279 103,2---36Ὕ6
1094 1223 1165 1280 ²⁵).

158 1367 289 1412 eiecto,
314 1367 360 1405 cf.
387 1367 484 1405 infra
508 1380 543 1415 p.
570 1368 629 1411 49,
668 1367 783 1404 etiam
808 1367 875 1404 has
900 1367 1047 1405 litteras
1084 1367 1189 1404 fictas
1214 1379 1252 1405 re
1278 1379 1364 1406 vera
1402 1370 1524 1406 autem
1551 1379 1574 1405 a
1598 1367 1758 1406 Philisto

154 1439 232 1464 esse
257 1429 423 1475 scriptas.

152 1533 154 1536 .
250 1487 297 1537 ⁹⁴)
323 1487 379 1527 Cf.
404 1488 510 1527 Diod.
537 1488 638 1533 XVI,
665 1489 699 1534 6,
738 1500 810 1539 quo
849 1488 1041 1528 confirmat
1066 1488 1287 1538 Dionysium
1312 1489 1425 1527 Dioni
1462 1489 1619 1528 insidias
1656 1489 1758 1528 vitae

153 1550 338 1594 struxisse,
365 1561 477 1598 quare
502 1551 656 1587 Dionem
683 1551 909 1598 aliquamdiu
934 1550 1159 1594 delituisset,
1184 1553 1268 1588 tum
1294 1562 1379 1588 vero
1403 1552 1443 1588 in
1467 1551 1758 1600 Peloponnesum

145 1608 280 1656 -fugam
311 1620 468 1656 parasse.
519 1610 709 1647 Contendo
747 1621 832 1647 vero
870 1610 1070 1648 Plutarcho
1096 1611 1137 1648 in
1161 1611 1281 1649 Dione
1306 1622 1336 1649 c.
1364 1612 1411 1649 14
1442 1612 1537 1649 hanc
1568 1622 1647 1649 rem
1678 1613 1758 1650 tam

153 1668 289 1706 diserte
314 1681 355 1706 ac
380 1671 566 1718 perspicue
593 1669 741 1708 Timaeo
773 1673 920 1708 auctore
958 1674 1124 1708 narranti
1161 1672 1336 1716 maiorem
1373 1671 1485 1709 fidem
1521 1671 1757 1710 tribuendam

153 1740 241 1767 esse.
292 1730 346 1767 De
384 1731 514 1768 Dionis
552 1731 729 1779 ejectione
768 1731 813 1775 cf,
853 1732 935 1768 Val.
967 1731 1062 1768 Max.
1097 1732 1161 1769 IV.
1194 1743 1223 1768 c.
1252 1734 1272 1769 1
1306 1734 1398 1770 extr.
1423 1733 1458 1769 3.
1509 1732 1642 1770 Suidas
1666 1744 1695 1770 s.
1721 1743 1754 1769 v.

152 1788 260 1825 Δίων.
284 1789 417 1826 Aelian
443 1802 475 1827 v.
504 1791 538 1828 h.
567 1792 632 1835 IV,
658 1793 690 1828 8.
718 1792 828 1829 Plato
853 1804 909 1839 ep.
936 1792 1021 1829 VII.
1047 1804 1080 1839 p.
1109 1794 1182 1839 329
1207 1793 1238 1829 Β
1264 1792 1405 1831 Cornel.
1433 1793 1525 1841 Nep.
1553 1793 1651 1830 Dion
1676 1794 1754 1831 c.4.

153 1849 253 1886 Plut.
281 1849 325 1887 de
351 1849 466 1887 adult.
495 1862 523 1887 c.
551 1853 583 1888 9.

248 1910 296 1958 ²³)
320 1911 430 1948 Plato
446 1911 485 1948 ll.
506 1912 612 1949 nobis
637 1911 813 1950 tradidit:
838 1911 930 1962 μηνὶ
954 1912 996 1949 δὲ
1013 1912 1149 1960 σχεδὸν
1173 1914 1259 1954 ἴσως
1282 1914 1444 1963 τετάρτῳ
1469 1914 1532 1961 (sc.
1559 1916 1644 1962 post
1668 1914 1754 1951 Pla·

150 1971 249 2008 tonis
286 1971 500 2018 adventum)
552 1972 672 2008 Δίωνα
721 1975 906 2014 Διονύσιος
942 1974 1158 2023 αἰτιώμενος
1194 1974 1441 2021 ἐπιβουλεύειν
1474 1975 1519 2022 τῇ
1555 1974 1754 2023 τυραννὸδι,

150 2032 305 2081 σμικρὸν
337 2033 397 2073 Γ,σείς
437 2033 564 2069 πλοῖον
605 2033 811 2083 ἐμβιβάσας,
853 2034 1022 2083 ἐξέβαλεν
1062 2033 1212 2085 ἀτίμως.
1269 2035 1388 2081 Quum
1430 2047 1516 2073 vero
1557 2035 1753 2074 Platonem

149 2096 292 2133 aestate
334 2095 423 2131 anni
460 2096 532 2132 367
574 2096 769 2142 Syracusas
810 2098 953 2134 venisse
983 2097 1224 2144 perspicuum
1265 2096 1450 2140 videatur,
1491 2097 1649 2134 Dionem
1687 2099 1753 2133 aut

149 2154 311 2190 extrema
336 2154 497 2195 eiusdem
523 2156 611 2193 anni
636 2158 741 2204 parte
766 2159 833 2194 aut
858 2157 1082 2201 initioanni
1099 2157 1171 2195 366
1189 2156 1377 2205 expulsum
1403 2168 1479 2194 esse
1496 2168 1602 2194 nemo
1628 2159 1751 2204 neget.

148 2214 279 2251 Procul
305 2215 453 2263 quidem
479 2216 589 2253 dubio
616 2219 673 2254 est
698 2218 855 2255 Dionem
881 2230 912 2256 a.
940 2220 1011 2256 366
1037 2218 1210 2256 Corinthi
1235 2230 1312 2256 esse
1339 2221 1543 2262 versatum,
1577 2219 1622 2256 cf.
1650 2219 1750 2256 Plut.

148 2274 245 2311 Dion
277 2285 304 2310 c.
334 2276 396 2319 17,
436 2287 507 2324 quo
544 2277 621 2313 loco
659 2276 817 2315 refertur
854 2278 1158 2315 Lacedaemonios
1195 2278 1353 2315 Dionem
1392 2279 1549 2316 civitate
1587 2278 1751 2323 donasse,

149 2337 315 2384 quamvis
341 2347 383 2372 eo
408 2338 571 2384 tempore
599 2358 644 2363 ——
669 2339 799 2387 καῖπερ
824 2337 946 2380 αὐτοῖς
970 2341 1052 2376 τότε
1078 2361 1124 2365 -
1149 2350 1172 2375 a
1196 2339 1375 2387 Dionysio
1401 2340 1540 2377 minore
1572 2340 1750 2376 auxilium

148 2398 274 2432 contra
300 2396 491 2433 Thebanos
529 2400 786 2444 supportatum
818 2402 924 2436 esset.
989 2400 1215 2437 Vocabulum
1252 2401 1333 2436 τότε
1370 2402 1496 2437 autem
1534 2402 1679 2447 spectat
1703 2401 1751 2437 ad

148 2455 203 2494 01.
231 2457 312 2500 103,
338 2457 372 2500 3,
398 2472 447 2488 z
471 2458 559 2500 366,
598 2469 668 2505 quo
706 2470 802 2496 anno
839 2460 1039 2508 Dionysius
1078 2461 1197 2497 minor
1233 2459 1532 2498 Lacedaemoniis
1570 2461 1750 2499 auxilium

147 2516 261 2553 misit.
315 2516 368 2555 cf.
388 2512 566 2566 'Xenopn
594 2519 708 2577 Hellk
732 2520 816 2564 VII,
842 2522 878 2565 4,
906 2523 962 2559 12.
1014 2522 1146 2570 Itaque
1184 2520 1385 2558 Diodorum
1411 2521 1512 2565 XVI,
1538 2522 1573 2565 6,
1613 2522 1678 2570 qui
1702 2522 1749 2559 ab

147 2576 202 2614 01.
232 2578 313 2621 103,
332 2579 352 2615 1
379 2590 492 2626 usque
518 2578 564 2616 ad
588 2579 643 2617 01.
674 2581 754 2625 105,
774 2582 797 2618 2
822 2581 866 2619 de
892 2582 1126 2630 chronologia
1152 2595 1271 2621 rerum
1289 2583 1439 2620 Siciliae
1464 2594 1611 2631 prorsus
1636 2587 1749 2628 tacet,

145 2637 239 2675 falso
275 2637 506 2686 descripsisse
540 2641 711 2685 Dionem,
751 2654 862 2689 quum
887 2643 1047 2682 Athenis
1085 2645 1328 2693 Κηφισόδοτος
1366 2645 1498 2682 archon
1540 2646 1748 2694 Romaeque

146 2699 185 2736 Ο.
212 2699 393 2746 Sulpicius
419 2700 579 2739 dictator
604 2705 711 2746 esset,
737 2702 777 2738 id
802 2706 868 2740 est.
897 2703 952 2741 01.
981 2705 1062 2747 105,
1088 2706 1111 2742 3
1136 2720 1186 2737 z
1210 2706 1282 2742 358
1307 2706 1430 2753 patria
1456 2706 1645 2753 expulsum
1671 2718 1747 2743 esse

145 2758 253 2797 facile
277 2760 480 2809 intelligas.
