1916 3085
955 62 982 107 6

161 182 239 237 est,
274 183 337 228 ita
376 182 425 228 ut
465 183 718 242 Syracusani
751 184 843 243 jam
882 183 1018 229 totam
1056 184 1138 230 sibi
1176 184 1370 244 subigere
1406 186 1597 233 Siciliam
1635 185 1772 233 inten-

161 256 389 316 derentw).
466 256 606 313 Quum
646 259 790 303 autem
833 258 1077 312 Leontinos,
1129 258 1507 305 Chalcidicensium
1552 261 1770 315 coloniam,

159 331 271 375 bello
303 331 493 388 graviter
524 333 779 387 premerent,
812 332 879 375 illi
910 332 1085 388 legatis,
1126 347 1299 389 quorum
1330 335 1522 391 princeps
1554 336 1638 380 fuit
1669 335 1772 380 Gor-

159 404 253 461 gias
284 403 441 461 ille19),
474 403 668 448 Athenas
699 405 853 458 missis,
885 405 939 448 ab
972 404 1300 451 Atheniensibus
1322 408 1526 452 auxilium
1546 409 1770 464 petierunt,

163 477 236 532 qui
267 476 345 520 hoc
378 477 510 529 bello,
553 477 808 534 Syracusani
847 478 883 521 si
914 479 1054 521 essent
1084 480 1288 534 oppressi,
1332 481 1462 523 totius
1495 481 1662 524 Siciliae
1694 482 1770 525 sub

158 550 412 605 potestatem
444 563 564 593 suam
596 551 852 607 redigendae
882 552 1141 594 occasionem
1172 554 1261 594 esse
1294 552 1438 596 datam
1470 553 1553 596 rati
1575 552 1641 596 Ol.
1667 555 1771 606 88,2

159 623 292 665 :427
335 621 517 666 classem
557 622 740 667 Lachete
783 624 825 667 et
867 622 1104 667 Charoeade
1148 623 1324 668 ducibus
1366 625 1580 669 Leontinis
1618 625 1770 670 auxilio

158 695 444 752 miserunt20).
511 694 576 739 Ac
607 696 792 752 profecto
833 696 1026 739 futurum
1067 696 1239 750 fuisset,
1280 698 1328 741 ut
1368 698 1513 743 Sicilia
1555 698 1771 742 discordiis

159 768 427 825 dissidiisque
458 769 707 824 perturbata
738 769 1064 813 Atheniensium
1087 770 1187 814 tunc
1209 770 1341 824 fieret,
1374 772 1456 815 nisi
1477 771 1771 816 Hermocrates

159 843 466 899 Syracusanus,
510 855 640 898 quum
678 842 1001 886 Atheniensium
1043 843 1215 887 consilia
1254 844 1555 899 perspexisset,
1598 845 1771 889 urbibus

157 916 267 958 inter
300 928 344 958 se
383 915 638 972 conjunctis,
684 915 873 959 Siciliam
915 916 968 959 ab
1010 915 1186 959 interitu
1227 918 1463 960 revocasset
1480 917 1551 974 ²¹).
1624 917 1770 973 Itaque

157 988 440 1032 Athenienses
471 987 596 1031 rebus
628 987 798 1032 infectis
842 988 1013 1032 domum
1056 988 1294 1041 redierunt,
1338 1002 1466 1045 quum
1504 989 1591 1033 fore
1630 989 1678 1032 ut
1716 989 1769 1033 ab

157 1061 274 1117 ipsis,
308 1060 426 1104 novis
459 1059 680 1103 discordiis
703 1060 857 1103 exortis
878 1060 1034 1103 iterum
1058 1060 1260 1104 auxilium
1281 1061 1506 1115 peteretur,
1539 1061 1768 1117 sperarent,

155 1134 200 1178 id
232 1133 341 1190 quod
362 1146 407 1177 re
426 1146 524 1177 vera
544 1133 598 1176 iis
618 1132 745 1189 paulo
765 1133 861 1188 post
882 1146 919 1176 a.
942 1133 1032 1177 415
1055 1134 1234 1190 contigit
1255 1134 1366 1178 bello
1393 1134 1468 1178 illo
1499 1134 1767 1186 atrocissime,

156 1220 235 1263 quo
267 1205 610 1262 splendidissima
642 1205 719 1248 illa
751 1205 885 1249 classe
918 1206 1137 1261 sexaginta
1169 1207 1340 1250 navium
1362 1206 1597 1259 Alcibiade,
1630 1206 1768 1259 Nicia,

156 1279 367 1323 Lamacho
401 1278 577 1323 ducibus
608 1277 745 1321 totam
777 1277 958 1321 insulam
990 1278 1036 1321 in
1068 1291 1279 1321 summum
1301 1280 1501 1323 vocarunt
1521 1279 1767 1336 periculum,

158 1353 232 1397 sed
260 1353 303 1396 et
329 1352 713 1408 Syracusanorum,
746 1351 820 1406 qui
852 1364 877 1393 a
910 1350 1129 1406 Spartanis
1162 1351 1491 1408 adjuvabantur,
1534 1353 1690 1397 virtute
1728 1353 1770 1395 et

156 1425 445 1469 Hermocratis
477 1424 685 1480 sapientia
715 1436 884 1479 prorsus
918 1423 1075 1467 devicti
1105 1425 1437 1481 interierunt22).

281 1498 369 1554 Quo
401 1498 513 1542 bello
543 1509 738 1554 prospere
770 1497 891 1554 gesto
924 1496 1141 1554 Syracusis
1173 1511 1402 1554 pauperum
1434 1499 1591 1543 civium
1622 1498 1768 1543 multi-

155 1573 271 1625 tudo,
304 1572 449 1627 utpote
481 1584 681 1615 novarum
716 1583 857 1613 rerum
889 1570 1176 1624 cupidissima,
1210 1571 1396 1614 civitatis
1428 1572 1608 1615 formam
1629 1572 1673 1614 in
1697 1572 1769 1614 (10-

156 1644 428 1697 mocratiam,
476 1655 583 1700 quae
622 1643 814 1695 vocatur,
857 1642 1048 1699 redigere
1089 1655 1349 1699 summopere
1388 1644 1502 1688 enisa
1535 1644 1577 1688 et
1608 1644 1769 1688 Dioclis

156 1732 302 1763 eorum
334 1718 454 1761 ducis
486 1717 738 1760 auctoritate
770 1716 1066 1759 Hermocrates
1097 1716 1311 1772 relegatus
1333 1718 1397 1760 est
1418 1730 1626 1772 novaeque
1649 1718 1765 1773 leges

157 1791 350 1849 populari
381 1790 557 1846 imperio
587 1788 780 1834 faventes
809 1788 920 1832 latae
943 1788 1121 1846 sunt23).
1185 1789 1478 1833 Hermocrates
1501 1803 1596 1833 vere
1617 1803 1656 1834 a.
1680 1791 1768 1835 408
1816 1801 1819 1802 ’

159 1867 204 1908 111
237 1864 430 1909 Siciliam
461 1875 653 1906 reversus
687 1862 956 1914 SelinuntiOS,
989 1862 1259 1913 Himeraeos,
1302 1863 1486 1918 aliosque
1527 1864 1685 1918 recepit
1727 1864 1770 1906 et

159 1935 575 1993 Carthaginiensium
607 1935 736 1978 socios
769 1947 917 1983 vexare
957 1934 1111 1989 coepit,
1159 1948 1300 1990 quum,
1344 1948 1387 1978 se
1427 1935 1589 1991 patriae
1634 1935 1770 1979 salute

160 2011 359 2068 agentem
390 2009 632 2053 revocatum
665 2008 738 2059 iri,
770 2007 951 2063 putaret.
1017 2006 1135 2061 Quod
1168 2020 1295 2062 quum
1328 2008 1457 2050 etiam
1488 2008 1633 2051 Diocle
1665 2007 1771 2051 rele-

263 2156 307 2202 ¹8)
343 2154 399 2193 Cf.
416 2153 524 2191 Diod.
543 2153 610 2196 XI,
628 2153 784 2189 88—93.
803 2153 887 2195 XII,
906 2154 941 2196 8,
959 2153 1018 2189 26.

262 2217 307 2262 ¹⁹)
343 2215 398 2253 cf.
417 2215 528 2252 Plato
549 2214 683 2261 .,Hipp.
702 2214 841 2250 maior“
859 2225 892 2260 p.
913 2214 995 2250 282.
1029 2213 1136 2249 Diod.
1156 2213 1240 2255 XII,
1260 2213 1318 2249 53.

261 2277 308 2324 ²⁰)
342 2276 398 2314 Cf.
418 2275 580 2323 Thucyd.
600 2276 670 2319 111,
690 2276 761 2319 86;
791 2275 835 2318 V,
854 2275 961 2311 4-5.
995 2273 1103 2310 Diod.
1123 2274 1208 2313 XII.
1227 2274 1285 2311 54.
1320 2274 1457 2311 Justin.
1477 2275 1540 2311 IV.
1559 2276 1582 2312 3
1613 2276 1677 2322 qui
1695 2287 1771 2311 rem

163 2340 275 2376 aliter
292 2339 430 2374 narrat.
467 2338 591 2373 Steins
608 2348 643 2383 p.
662 2337 710 2373 12
727 2348 780 2383 sq.

262 2398 309 2445 ²¹)
346 2397 520 2443 Singula,
563 2408 654 2444 quac
690 2396 880 2433 commissa
914 2398 1002 2432 sunt
1041 2396 1180 2442 proelia
1215 2395 1298 2432 vide
1332 2396 1428 2443 apud
1461 2395 1558 2433 Diod
1592 2396 1679 2439 XII,
1714 2395 1771 2433 54.

166 2458 331 2507 Thucyd.
350 2458 421 2500 III,
440 2459 499 2501 88,
519 2459 577 2500 90,
597 2459 655 2501 99,
675 2458 755 2500 103,
777 2457 864 2498 115;
883 2456 948 2499 IV,
969 2458 1001 2499 1,
1021 2458 1054 2500 2,
1073 2457 1121 2493 24
1138 2469 1191 2504 sq.
1227 2456 1350 2493 Steins
1367 2468 1451 2503 pag.
1472 2458 1519 2493 14
1535 2468 1614 2504 sqq.

264 2520 311 2567 ²²)
346 2519 401 2556 Cf.
420 2518 528 2555 Diod.
549 2518 657 2561 XIII,
677 2518 807 2554 1—33.
844 2516 1006 2564 Thucyd,
1027 2517 1092 2560 VI,
1111 2518 1196 2560 VII,
1218 2518 1348 2554 1—86.
1364 2518 1465 2555 Oros.
1484 2518 1534 2559 ΙΙ,
1555 2518 1611 2554 14.
1635 2517 1772 2554 Justin.

167 2582 231 2625 IV,
251 2581 285 2617 5.
320 2580 422 2616 Plut.
440 2579 521 2615 Nic.
552 2579 584 2622 Ι,
615 2579 660 2615 21
680 2590 757 2625 sqq.
794 2577 962 2614 Frontin.
989 2578 1040 2621 II,
1067 2579 1101 2621 9,
1122 2579 1153 2614 7.
1188 2578 1314 2615 Dodw.
1340 2590 1424 2617 ann.
1456 2578 1619 2626 Thucyd.
1649 2590 1683 2626 p.
1702 2579 1774 2615 206

168 2654 245 2689 sqq.
279 2641 453 2687 Polyaen.
474 2641 582 2676 strat.
601 2640 631 2683 I,
650 2640 710 2683 43,
730 2640 762 2676 2.
797 2638 938 2675 Deinde
965 2638 1009 2675 de
1027 2639 1095 2675 hac
1113 2651 1151 2675 re
1181 2642 1293 2687 atque
1323 2640 1504 2686 imprimis
1533 2639 1577 2676 de
1607 2639 1773 2681 diversis,

169 2713 262 2750 quac
279 2703 428 2738 exstant
446 2700 643 2737 sententiis
661 2699 705 2736 de
723 2699 949 2747 captivorum
968 2710 1119 2736 numero
1144 2711 1185 2736 ac
1208 2702 1325 2737 morte
1342 2699 1625 2738 Atheniensium
1643 2699 1773 2736 ducum

170 2763 214 2800 cf.
234 2763 359 2800 Steins
375 2773 409 2808 p.
429 2762 585 2798 23—45.
621 2760 735 2798 Grote
751 2761 816 2805 IV,
834 2773 869 2808 p.
888 2762 934 2798 92
953 2760 990 2797 ff.
1025 2761 1130 2798 Plass
1148 2761 1275 2806 &ricco
1297 2761 1491 2809 mytmtuis.

268 2824 315 2873 23)
350 2823 404 2862 Cf.
423 2822 530 2860 Diod.
549 2823 655 2868 XIII,
674 2823 831 2862 33-45.
864 2823 979 2860 Arist.
998 2822 1110 2860 Polit.
1129 2822 1173 2867 V,
1193 2823 1227 2867 3,
1247 2822 1280 2860 5.
