1916 3085
930 145 987 191 51

164 270 287 316 nibus
313 279 485 326 :prorsus
517 266 685 312 deditus
716 266 911 324 esset-³⁰),
942 268 1051 312 nihil
1082 268 1185 327 egit,
1217 269 1266 314 ut
1297 268 1514 315 civitatem
1541 269 1632 327 jam
1652 267 1769 314 labe-

163 344 368 390 factatam
397 341 708 399 redintegraret
738 342 781 386 et
809 342 1075 386 restauraret.
1139 342 1220 387 Sed
1250 357 1392 388 omnes
1424 344 1647 399 scriptores
1679 343 1769 387 alta

165 428 263 461 voce
294 415 601 472 conqueruntur
633 415 684 458 de
715 414 847 458 tantis
880 414 1236 471 Syracusanorum
1267 416 1598 460 calamitatibus.
1653 415 1769 459 Nam

165 488 340 533 summis
369 488 535 533 imbuta
566 488 656 532 erat
697 487 796 531 urbs
828 486 1023 540 miseriiS,
1057 486 1252 530 continua
1281 488 1460 532 aliorum
1491 502 1540 532 ex
1572 489 1668 532 aliis
1699 489 1767 544 ty—

164 573 390 604 rannorum
432 559 743 613 vicissitudine,
784 571 958 615 quorum
999 558 1109 603 alius
1146 558 1230 604 alio
1270 559 1449 614 saevior,
1495 559 1767 617 praedatione

164 634 288 690 atque
330 634 582 678 crudelitate
619 632 807 677 militum
838 632 1211 685 mercenariorum,
1251 633 1401 688 quibus
1431 646 1524 677 raro
1556 633 1768 689 stipendia

164 707 445 759 solvebantur,
478 705 625 750 multis
655 719 704 750 ac
725 706 927 764 gravibus
956 704 1244 759 seditionibus,
1266 704 1480 750 intestinis
1501 706 1767 759 tumultibus,

163 779 344 823 externis
375 779 615 834 impetibus.
680 778 790 833 Quid
833 778 942 834 quod
974 778 1103 822 etiam
1134 778 1295 834 templa
1325 791 1376 822 ac
1413 778 1604 833 sepulcra
1633 778 1769 821 homi-

163 863 287 904 num,
330 850 482 906 quibus
526 864 740 908 nunquam
781 850 1007 908 quaepiam·
1032 850 1293 908 putabantur
1322 850 1545 905 sanctiora,
1577 849 1769 907 neglige-

164 923 397 981 bantur-⁸¹).

285 995 423 1051 Quum
454 996 534 1040 hac
566 1010 705 1040 rerum
735 996 972 1041 conditione
1005 996 1258 1054 Syracusani
1288 994 1504 1040 intestinis
1525 995 1768 1040 laborarent

164 1068 364 1121 dissidiis,
397 1069 622 1126 Dionysius
653 1069 931 1113 mercenarios
961 1069 1120 1112 milites
1152 1068 1412 1124 conscripsit,
1435 1069 1576 1124 atque,
1599 1067 1766 1124 Nysaeo

163 1142 296 1184 fratre
337 1141 448 1184 haud
484 1154 641 1197 magna
683 1154 806 1197 opera
845 1141 996 1197 ejecto,
1038 1154 1133 1184 cum
1164 1141 1432 1197 Apollocrate
1461 1140 1569 1193 filio,
1603 1139 1765 1183 decimo

162 1205 270 1258 anno
300 1214 515 1270 postquam
547 1213 636 1270 ipse
665 1214 879 1271 relegatus
917 1214 999 1267 est,
1047 1213 1272 1270 imperium
1316 1211 1580 1269 recuperavit
1610 1224 1661 1256 ac
1692 1210 1765 1256 de-

162 1299 244 1330 nuo
273 1286 476 1343 tyrannus
506 1286 644 1330 factus
675 1286 818 1343 est32).
853 1285 919 1331 Ol.
956 1286 1087 1339 1083
1120 1305 1153 1323 =
1187 1286 1288 1330 346.

792 1502 1139 1570 caputii

212 1610 529 1669 Dionysius,
579 1611 833 1668 quomodo
892 1611 1086 1655 iterum
1132 1612 1391 1670 tyrannus
1444 1610 1721 1669 Syracusis

163 1684 341 1728 factus
374 1698 423 1729 se
454 1685 701 1742 gesserit,
735 1684 887 1729 donec
918 1698 944 1728 a
975 1684 1293 1729 Timoleonte
1327 1685 1510 1729 iterum
1539 1684 1764 1743 ejicitur.

307 1794 372 1838 Ac
420 1795 545 1850 paulo
591 1795 685 1851 post
731 1808 855 1850 quam
898 1793 1125 1851 Dionysius
1166 1794 1397 1852 Syracusas
1444 1808 1634 1840 reversus
1688 1794 1769 1846 est,

161 1867 331 1922 propter
378 1868 518 1911 omnia
564 1867 672 1912 vitia
720 1867 765 1911 in
812 1867 1037 1911 Locrenses
1070 1867 1306 1921 commissa,
1346 1881 1536 1912 summas
1567 1867 1768 1924 persolvit

162 1952 326 1995 poenas.
366 1940 480 1984 Nam
511 1940 732 1997 praesidio,
765 1940 873 1996 quod
906 1939 1170 1984 deminutum
1201 1940 1446 1997 reliquerat,
1479 1941 1610 1998 eJecto
1639 1939 1768 1985 liber-

161 2012 330 2068 tateque
378 2012 460 2057 sibi
491 2013 719 2065 vindicata,
756 2013 976 2057 Locrenses
1008 2013 1202 2070 Dionysii
1240 2026 1411 2058 uxorem
1442 2013 1625 2069 duasque
1656 2012 1767 2057 filias

161 2097 245 2129 una
276 2099 372 2129 cum
401 2085 489 2129 filio
520 2075 623 2130 natu
654 2085 808 2130 minori
839 2085 1023 2141 eripiunt
1053 2100 1102 2131 ac
1134 2100 1299 2131 summa
1327 2087 1652 2142 turpissimaque
1673 2100 1766 2130 cru-

163 2156 337 2200 delitate
367 2158 569 2211 tractant,
602 2158 793 2214 quamvis
825 2158 1050 2216 Dionysius
1079 2159 1124 2202 et
1151 2160 1282 2215 ipsius
1312 2158 1401 2203 loco
1428 2158 1652 2203 Tarentini
1690 2158 1766 2203 fla·-

160 2229 312 2286 gitent,
345 2231 394 2274 ut
425 2244 549 2286 quam
582 2231 775 2275 maximis
807 2231 1118 2276 conditionibus
1149 2245 1314 2277 uxorem
1356 2232 1587 2287 liberosque
1618 2233 1766 2277 missos

160 2303 333 2347 faciant.
397 2303 665 2347 obsidionem
682 2317 989 2361 agrogrumque
1021 2305 1296 2350 vastationem
1327 2304 1523 2361 perferre,
1556 2317 1682 2360 quam
1713 2306 1767 2350 ab

162 2376 406 2421 exsatianda
452 2376 516 2421 ira
562 2378 773 2422 abstinere
820 2378 1083 2431 maluerunt,
1134 2378 1261 2422 donec
1308 2376 1508 2421 mulieres
1555 2378 1767 2433 stupratas

161 2449 494 2507 dilaceratasque
524 2452 862 2509 strangulassent
894 2452 1161 2507 omniumque
1194 2450 1397 2495 cadavera
1420 2452 1766 2496 concremassent,

257 2655 305 2703 ⁸⁰)
331 2655 387 2694 Cf.
415 2656 549 2704 Theop.
574 2667 633 2703 ap.
650 2655 795 2693 >Amen
822 2656 862 2693 ll.

257 2716 304 2763 ⁸¹)
330 2716 386 2754 cf.
411 2717 519 2754 Diod.
547 2717 646 2759 XVI,
673 2717 730 2754 65.
758 2717 857 2754 Plut.
879 2717 1009 2754 Timol.
1037 2728 1065 2753 c.
1085 2718 1117 2754 1.
1144 2716 1255 2754 Plato
1268 2728 1323 2763 ep.
1338 2716 1442 2753 VIII.
1461 2728 1496 2763 p.
1512 2718 1709 2756 352—356
1724 2719 1766 2757 B.

258 2776 304 2823 ³²)
330 2777 383 2814 Of.
411 2777 548 2814 Justin.
575 2778 676 2821 XXI,
702 2779 736 2814 3.
776 2777 875 2813 Plut.
910 2777 1040 2813 Timol.
1074 2788 1101 2813 c.
1132 2778 1163 2813 1.
1203 2776 1369 2824 Compar.
1396 2777 1497 2814 Plut.
1527 2778 1661 2817 Timol.
1689 2792 1717 2817 c.
1747 2783 1767 2818 1

160 2837 200 2871 et
226 2837 282 2874 13.
309 2837 441 2874 Strabo
466 2838 531 2882 VI,
559 2840 592 2882 1,
618 2840 651 2876 8.
694 2838 811 2883 Quam
843 2839 881 2875 in
906 2841 1092 2885 posterum
1115 2837 1367 2885 Apollocrates
1405 2839 1597 2878 invenerit
1633 2844 1767 2878 sortem

160 2897 351 2934 nescimus.
