1916 3085
939 131 997 179 58

167 253 275 298 disse
292 254 445 298 fertur:
469 254 635 308 „Recte,
653 253 806 312 inquit,
822 254 1009 300 nostram
1026 253 1314 300 calamitatem
1330 255 1520 313 graviter
1532 256 1643 301 ferre
1658 253 1776 301 vide-

166 327 248 372 ris“
261 328 312 385 4).
375 327 535 384 Atque,
575 341 703 384 quum
735 328 887 385 aliquis
919 329 1152 386 quaereret,
1192 342 1413 385 quemnam
1435 342 1457 373 e
1487 330 1677 375 Platonis
1708 341 1776 374 sa-

166 400 328 458 pientia
360 400 538 457 cepisset
568 400 774 455 fructum,
817 400 1050 458 respondit,
1094 401 1143 446 ut
1177 415 1306 460 aequo
1343 401 1482 448 animo
1513 402 1653 461 posset
1690 402 1776 448 for-

169 475 297 519 tunae
328 474 606 519 mutationem
637 474 878 534 perferre⁵).

292 546 452 602 Quibus
486 561 533 591 ex
565 548 878 592 narrationibus
909 547 1016 592 mihi
1053 548 1222 605 quidem
1260 549 1410 594 deduci
1446 562 1565 607 posse
1595 549 1775 604 videtur,

173 633 269 664 eum
303 620 592 665 calamitatem
630 634 751 665 suam
789 622 969 665 libenter
1000 635 1170 678 passum
1202 635 1291 667 esse
1322 623 1557 680 agendique
1588 623 1677 667 eius
1708 636 1777 667 ra-

168 692 325 737 tionem
359 693 404 736 in
435 694 676 738 universum
710 693 925 738 meliorem
965 708 1091 751 quam
1124 695 1343 753 Syracusis
1373 696 1520 741 fuisses
1579 696 1692 741 Nam
1722 694 1777 739 li-

170 767 236 810 cet
269 766 384 809 haud
415 766 520 811 bene
553 767 722 811 eredere
753 767 972 823 possimus,
1006 781 1102 812 eum
1134 768 1187 812 ab
1220 767 1436 822 ebrietate,
1470 782 1594 825 quam
1614 769 1660 812 in
1680 767 1778 812 libi-

170 839 309 884 dinem
343 839 580 884 inveterata
613 840 911 885 consuetudine
951 841 1182 895 ferebatur,
1227 842 1456 899 ceterisque
1494 841 1778 899 voluptatibus

168 925 336 969 prorsus
369 925 413 955 se
444 912 713 965 abstinuisse,
746 913 1052 968 temperantiae
1083 915 1308 968 studuisse,
1340 916 1484 959 tamen
1515 915 1582 958 illi
1613 915 1779 959 senten-

171 985 257 1030 tiae
289 985 486 1030 assentiri
517 998 599 1030 non
630 999 812 1042 possum,
846 999 943 1030 eum
974 986 1019 1031 in
1050 988 1141 1032 tam
1172 988 1388 1033 sordidum
1419 988 1532 1033 vitae
1565 987 1779 1046 degendae
1812 1007 1817 1011 ⁴

171 1071 304 1115 genus
338 1058 615 1110 descendisse,
658 1059 704 1100 in
735 1059 900 1102 tantam
931 1060 1164 1116 egestatem
1196 1060 1407 1114 incidisse,
1449 1061 1498 1104 ut
1527 1060 1640 1105 inter
1671 1060 1778 1104 lixas

172 1133 214 1176 et
244 1131 383 1176 leones
405 1130 450 1175 in
471 1130 649 1188 popinis,
681 1131 915 1186 tonstrinis,
948 1133 1301 1191 lupanaribusque
1321 1134 1430 1179 totos
1450 1148 1525 1191 per
1547 1134 1635 1179 dies
1656 1146 1779 1191 squa-

169 1205 259 1249 lida
291 1205 407 1249 veste
439 1204 617 1248 sedisset
649 1205 692 1249 et
714 1218 810 1249 cum
831 1206 1090 1251 mulierculis
1112 1207 1157 1251 in
1177 1208 1345 1264 publico
1365 1208 1594 1252 altercatus
1615 1207 1778 1264 essetss).

170 1280 235 1325 Ac
267 1279 305 1325 si
335 1293 454 1337 porro
486 1280 606 1325 nobis
638 1280 842 1337 proditur,
876 1294 973 1325 eum
994 1280 1144 1325 ludum
1164 1280 1389 1337 aperuisse,
1422 1294 1571 1337 pueros
1592 1279 1780 1325 docuisse

172 1354 442 1410 cantoresque
474 1354 519 1397 in
550 1354 727 1397 canendi
767 1354 1114 1411 declamandique
1156 1354 1246 1397 arte
1289 1353 1511 1406 erudiisse,
1554 1353 1657 1398 haec
1687 1352 1779 1410 ipsa

170 1427 377 1481 narratio,
417 1427 519 1471 licet
550 1427 595 1471 id
627 1427 895 1483 potissimum
933 1428 1145 1481 intendat,
1187 1427 1235 1471 ut
1272 1426 1524 1484 Dionysium
1561 1426 1779 1479 detrectet,

171 1502 316 1544 tamen
357 1500 652 1544 documentum
693 1500 893 1556 praebere
936 1500 1042 1544 mihi
1086 1500 1254 1545 videtur
1295 1500 1407 1544 haud
1446 1513 1545 1544 sane
1583 1499 1779 1557 exiguum

173 1574 265 1630 ejus
296 1573 375 1626 rei,
417 1573 525 1629 quod
557 1573 631 1617 ille
663 1587 709 1618 eo
740 1575 925 1630 tempore
957 1573 1122 1618 meliori
1153 1574 1278 1629 atque
1310 1573 1465 1617 saniori
1495 1572 1609 1617 vitae
1640 1572 1783 1617 condi-

171 1646 279 1690 tioni
309 1646 629 1701 litterarumque
660 1647 939 1703 ingenuarum
971 1646 1110 1690 studio
1142 1646 1308 1691 deditus
1340 1645 1485 1703 erat'1).

271 1802 302 1848 ⁴)
329 1801 384 1839 Cf.
412 1802 515 1839 Plut.
545 1802 676 1839 Timol.
705 1802 744 1839 11.
772 1802 872 1838 Plut.
901 1800 960 1838 An
984 1802 1066 1838 seni
1091 1801 1179 1849 reip.
1208 1811 1282 1847 ger.
1311 1801 1362 1837 sit
1387 1811 1415 1836 c.
1444 1801 1477 1837 1.

272 1863 302 1911 ⁶)
328 1862 383 1901 Cf.
411 1863 511 1900 Plut.
540 1863 671 1901 Timol.
699 1863 867 1914 11.„P1ut.
894 1862 1080 1910 Apophth.
1109 1862 1147 1899 11.

273 1924 303 1970 ⁸)
330 1924 384 1961 cf.
413 1924 550 1960 Justin.
577 1924 678 1967 XXI,
706 1925 738 1961 5.
767 1923 867 1960 Plut.
897 1923 1027 1959 Timol.
1056 1934 1084 1959 c.
1114 1923 1171 1966 14,
1199 1922 1255 1959 15.
1282 1921 1417 1959 Athen.
1446 1923 1530 1966 XII,
1558 1922 1615 1959 58.
1647 1921 1781 1959 Aelian

174 1995 207 2021 v.
235 1984 271 2020 h.
297 1984 363 2023 VI.
393 1985 448 2020 12.

274 2046 302 2091 ⁷)
329 2045 383 2082 Cf.
412 2044 518 2080 Diod.
545 2045 645 2088 XVI,
673 2046 730 2082 70.
756 2046 857 2081 Plut.
886 2045 1016 2082 Timol.
1046 2056 1074 2080 c.
1103 2045 1159 2080 14.
1186 2043 1321 2080 Athen.
1349 2043 1388 2079 11.
1417 2044 1490 2080 Cio.
1519 2044 1566 2079 ad
1583 2044 1698 2079 famil.
1726 2043 1782 2079 IX

174 2116 229 2152 ep.
258 2105 314 2141 18.
357 2105 467 2141 Philo
501 2104 585 2141 Jud.
621 2104 665 2141 de
699 2105 845 2151 Joseph.
873 2104 904 2141 B
937 2116 971 2152 p.
998 2104 1056 2141 45.
1100 2103 1180 2140 Ael.
1208 2115 1241 2140 ν.
1269 2103 1304 2139 h.
1331 2103 1397 2146 IX,
1424 2104 1457 2140 8.
1501 2103 1676 2151 Porphyr.
1712 2103 1778 2140 vit.

174 2165 335 2213 Pythag.
365 2177 392 2202 c.
422 2167 470 2203 60
495 2168 535 2202 et
561 2168 685 2202 annot.
713 2166 957 2203 Rittershusii
983 2166 1030 2202 ad
1055 2167 1152 2202 hunc
1177 2166 1305 2201 locum.
1349 2164 1484 2201 Jambl.
1513 2176 1541 2201 c.
1568 2165 1625 2201 33.
1669 2164 1778 2201 Rhet.

176 2226 300 2263 Graec.
342 2226 396 2264 ed.
436 2227 540 2263 Waiz
565 2227 630 2263 IX.
656 2239 690 2274 p.
719 2228 800 2264 102.
841 2227 963 2264 Tzetz.
998 2226 1092 2265 Chil.
1120 2226 1183 2263 VI.
1212 2237 1245 2263 v.
1273 2226 1345 2263 238
1370 2236 1461 2273 sqq„
1501 2236 1571 2272 quo
1605 2227 1710 2273 pater
1743 2226 1782 2262 et

175 2288 274 2325 filius
299 2287 580 2325 confunduntur.
608 2288 688 2325 Val.
717 2288 812 2325 Max.
838 2288 902 2325 IV.
930 2300 958 2325 c.
987 2289 1010 2325 9
1035 2290 1125 2325 extr.
1145 2289 1177 2325 6.
1206 2287 1345 2324 Lucian
1370 2298 1405 2333 p,
1424 2287 1482 2323 27.
1522 2286 1641 2331 Quum
1657 2289 1782 2323 autem

175 2349 300 2386 Cicero
327 2350 367 2385 in
393 2349 483 2396 disp.
513 2350 617 2386 Tusc.
643 2349 713 2385 ΙΙΙ.
742 2360 770 2385 c.
800 2350 845 2385 12
871 2348 970 2384 dicat
995 2348 1235 2395 Dionysium,
1261 2347 1449 2394 Syracusis
1475 2347 1679 2395 expulsum,
1714 2346 1781 2385 Co-

175 2410 294 2446 rinthi
319 2409 502 2456 regnandi
529 2409 733 2456 cupiditate
771 2408 922 2445 ductum
946 2420 1076 2456 pueros
1102 2408 1282 2451 docuisse,
1322 2408 1532 2445 confirmare
1557 2408 1695 2452 ausim,
1721 2408 1782 2446 Ci-

175 2482 342 2506 ceronem
385 2470 505 2516 ipsum
547 2481 621 2505 non
662 2469 869 2513 credidisse,
913 2469 1009 2516 quod
1051 2469 1194 2504 retulit.
1257 2468 1385 2515 Neque
1422 2469 1542 2514 magis
1579 2470 1782 2505 ceterorum

175 2533 365 2567 auctorum
392 2530 557 2577 opinioni
583 2531 787 2573 consentio,
815 2541 927 2576 quum
954 2529 1098 2572 dicant,
1124 2529 1344 2576 Dionysium
1370 2531 1537 2575 egestate
1563 2531 1781 2567 commotum

174 2591 302 2628 ludum
329 2592 533 2639 aperuisse3
561 2602 657 2634 narn,
685 2592 731 2627 ut
755 2591 941 2634 omittam,
968 2602 1051 2628 eum
1069 2591 1208 2627 multas
1233 2602 1353 2627 secum
1379 2589 1523 2627 duxisse
1548 2601 1644 2637 opes,
1670 2601 1783 2638 quum

174 2652 365 2699 Syracusis
403 2652 626 2690 Corinthum
663 2652 817 2694 veniret,
857 2663 876 2688 e
912 2651 1044 2698 fragm.
1072 2651 1277 2687 Memnonis
1310 2651 1585 2688 Heraclaeensis
1620 2662 1648 2687 c.
1673 2651 1699 2688 4
1724 2650 1779 2688 ed.

177 2712 286 2750 Orell.
314 2714 430 2750 etiam
456 2715 620 2760 apparet,
659 2713 880 2760 Dionysium
905 2712 1019 2748 Ponti
1056 2714 1268 2759 tyrannum,
1306 2713 1390 2759 post
1428 2711 1597 2759 Dionysii
1631 2712 1783 2748 minoris

174 2774 422 2822 expulsionem
465 2785 609 2811 omnem
651 2774 754 2811 illius
796 2774 1087 2821 suppellectilem
1131 2794 1177 2799 —
1219 2773 1344 2809 πᾶσαν
1379 2772 1574 2820 ἐπισκευὴν
1602 2793 1645 2799 —
1673 2783 1783 2820 quam

175 2835 331 2872 maxime
357 2836 593 2881 magnificam
618 2846 660 2872 ac
677 2836 877 2882 pretiosam
903 2835 1044 2879 emisse,
1072 2834 1168 2872 unde
1194 2835 1373 2882 sequitur,
1400 2836 1444 2871 ut
1461 2845 1602 2882 semper
1618 2832 1783 2877 haberet,

174 2895 271 2933 unde
296 2895 450 2934 honeste
476 2895 630 2933 viveret.
