1916 3085
935 71 995 119 40

151 194 215 238 ria
246 195 388 239 navali
420 195 524 239 elati
554 195 599 239 et
629 195 683 243 ab
715 194 951 239 oratoribus
989 193 1241 252 importunis
1278 196 1480 253 pertracti
1517 196 1765 256 Dionysium

151 282 246 312 mox
277 268 422 312 vivum
454 282 498 313 se
530 269 681 314 dedere
721 270 912 314 coactum
949 269 1004 313 iri
1046 270 1281 325 sperarent,
1324 270 1488 326 legatos
1526 285 1571 315 re
1608 271 1766 317 infecta

152 340 416 384 remiserunt.
483 340 620 395 Quare
652 340 893 398 Dionysius,
927 353 1055 395 quum
1087 354 1247 395 arcem,
1281 342 1525 387 fortissimis
1557 344 1766 388 militibus

152 413 421 458 mercenariis
452 413 635 467 relictis,
675 413 936 470 Apollocrati
974 413 1062 458 filio
1105 415 1209 459 natu
1239 415 1442 468 maximo,
1483 415 1535 459 de
1565 430 1644 472 quo
1672 418 1765 474 jam

153 499 279 543 supra
310 500 351 542 p.
391 487 444 530 18
478 487 522 530 et
543 488 611 531 ‚27
644 487 888 540 retulimus,
927 486 1196 541 tradidisset,
1235 488 1519 544 plurimosque
1549 488 1765 534 thesauros

152 559 363 615 sociosque
394 560 573 604 navibus
606 560 895 616 imposuisset,
944 560 1215 604 Heraclidem
1252 561 1530 613 nauarchum,
1579 562 1664 614 cui,
1712 575 1764 606 ne

152 631 380 688 Dionysius
414 632 629 685 evaderet,
670 645 766 676 cum
805 632 941 675 classe
972 632 1116 687 portus
1148 632 1431 676 observandus
1463 632 1573 685 erat,
1612 632 1765 678 fallens

151 704 197 748 in
228 705 401 749 Italiam
432 704 685 763 trajecit23).
751 705 820 750 Sic
852 706 1056 761 tyrannus
1089 705 1143 748 ab
1176 705 1322 749 eodem
1359 706 1473 757 viro,
1512 706 1601 761 qui,
1633 706 1687 749 ab
1719 719 1765 749 eo

153 777 361 833 expulsus,
395 790 468 834 per
499 777 674 834 longum
707 778 908 834 temporis
941 778 1123 833 spatium
1156 778 1271 822 exsul
1305 778 1439 822 vitam
1472 778 1659 835 degerat,
1693 777 1765 822 de-

153 864 244 895 cem
275 851 363 894 fere
394 851 607 894 mensibus
638 852 733 906 post
758 851 853 902 ,eius
886 851 931 893 in
964 851 1151 895 Siciliam
1172 851 1370 903 reditum,
1402 851 1627 907 tyrannide
1649 864 1765 895 ever-

153 936 222 975 sa,
261 922 401 979 patria
438 923 598 979 eJ‘ectus
630 924 713 976 est,
760 923 982 979 postquam
1022 923 1243 967 duodecim
1284 936 1412 968 annos
1454 923 1662 980 regnavit.
1696 922 1762 967 Ol.

158 996 510 1048 106,1=aestate
542 995 644 1039 anni
676 996 846 1051 35624).

250 1139 297 1187 23)
323 1139 378 1176 cf.
413 1139 520 1176 Diod.
555 1139 655 1182 XVI,
692 1140 750 1182 16,
779 1140 835 1176 17.
877 1139 977 1176 Plut.
1004 1140 1101 1176 Dion
1136 1152 1163 1176 c.
1190 1141 1248 1177 38.
1289 1140 1395 1178 Corn.
1431 1140 1522 1188 Nep.
1549 1140 1646 1177 Dion
1672 1151 1700 1176 c.
1728 1140 1761 1177 5.

151 1199 289 1253 Justin.
317 1201 419 1243 XXI,
448 1202 480 1237 2.

253 1261 300 1309 ²⁴)
327 1261 382 1299 Cf.
410 1262 519 1307 Diod,
547 1261 626 1305 XV,
655 1262 712 1298 73.
752 1261 836 1297 Non
874 1262 1003 1309 utique
1030 1273 1174 1308 prorsus
1213 1261 1404 1299 duodecim
1442 1264 1529 1298 sunt
1562 1262 1662 1305 anni,
1701 1261 1764 1298 sed

151 1322 321 1359 undecim
347 1323 437 1359 anni
462 1323 704 1368 nonnullique
729 1333 884 1358 menses.
911 1322 1011 1358 Plut.
1033 1323 1163 1359 Timol.
1193 1334 1220 1359 c.
1251 1324 1296 1359 13
1322 1323 1379 1358 alt
1396 1322 1614 1368 Dionysium
1641 1322 1763 1358 decem

152 1395 266 1420 annos
291 1394 474 1430 regnasse.
527 1382 630 1429 Quod
655 1382 742 1419 hinc
767 1381 1008 1419 derivandum
1034 1385 1102 1427 est,
1142 1382 1239 1431 quod
1278 1382 1373 1420 idem
1413 1383 1451 1419 in
1490 1382 1608 1419 Dione
1646 1394 1674 1420 c.
1704 1384 1762 1426 28,

153 1447 197 1480 ut
222 1446 298 1480 iam
324 1444 483 1480 diximus
508 1456 543 1491 p.
570 1445 630 1485 46,
671 1443 921 1490 quadraginta
947 1446 1029 1480 octo
1055 1455 1169 1480 annos
1208 1446 1355 1480 tantum
1396 1444 1624 1489 computavit
1649 1444 1695 1479 ab
1722 1454 1763 1479 eo

154 1507 329 1552 ternpore,
367 1516 438 1552 quo
475 1506 582 1551 pater
614 1503 811 1550 tyrannide
850 1504 993 1550 potitus
1032 1506 1090 1540 est
1127 1504 1174 1540 ad
1212 1505 1408 1551 Syracusas
1446 1515 1559 1551 usquc
1597 1515 1619 1540 a
1643 1504 1762 1540 Dione

153 1568 290 1612 captas.
342 1566 462 1610 Quum
502 1567 626 1601 autem
664 1566 771 1610 pater
797 1565 959 1610 triginta
985 1567 1067 1600 octo
1093 1576 1207 1601 annos
1244 1565 1429 1610 regnarit,
1470 1566 1615 1601 restant
1640 1564 1762 1601 decem

153 1625 243 1662 anni
268 1627 419 1662 tantum
445 1626 515 1661 filii
541 1625 705 1672 imperio,
733 1623 777 1661 cf.
806 1623 920 1661 Clint.
949 1624 1049 1661 Fast.
1079 1625 1174 1661 Hell.
1203 1624 1250 1661 ad
1276 1636 1308 1662 a.
1335 1625 1407 1661 356
1433 1627 1472 1661 et
1489 1624 1619 1661 Euseb.
1640 1625 1761 1661 chron.

154 1685 209 1722 ed.
237 1686 400 1722 Schoene
427 1698 460 1732 p.
490 1687 570 1722 112.
622 1686 667 1721 In
693 1685 904 1721 universum
943 1684 987 1721 de
1012 1686 1191 1732 Dionysio
1219 1697 1240 1721 a
1265 1686 1383 1737 Dione
1422 1686 1539 1721 eiecto
1577 1685 1621 1721 cf.
1650 1686 1763 1721 etiam

153 1748 300 1793 praeter
338 1746 445 1782 Diod.
485 1746 585 1782 Plut.
626 1748 666 1782 et
702 1745 807 1783 Corn.
848 1746 938 1792 Nep.
967 1746 1006 1782 11.
1046 1746 1201 1782 Aristot.
1238 1746 1314 1782 Pol.
1342 1746 1387 1788 V,
1414 1746 1447 1788 8,
1477 1747 1532 1782 17.
1572 1746 1615 1789 V,
1644 1746 1677 1788 8,
1706 1747 1762 1782 19.

153 1805 285 1842 Aelian
312 1817 345 1842 v.
371 1807 408 1842 h.
435 1806 501 1849 IV,
527 1807 562 1849 8,
589 1805 654 1848 VI,
684 1807 740 1848 12,
766 1806 852 1849 VII,
882 1806 938 1849 14,
965 1806 1031 1849 IX,
1058 1806 1091 1849 8,
1118 1806 1190 1849 III,
1212 1807 1267 1842 17.
1295 1807 1419 1853 Synes.
1439 1817 1543 1842 serm.
1563 1806 1609 1842 ad
1629 1806 1761 1842 Paeon.

156 1878 192 1914 p.
219 1867 293 1904 308
317 1866 360 1903 A.
390 1867 498 1914 Trog.
526 1867 650 1913 Pomp.
680 1866 772 1912 frag.
801 1866 901 1903 XXI.
930 1867 1038 1913 Diog.
1067 1866 1189 1903 Laert.
1219 1867 1269 1909 II,
1298 1868 1330 1903 7.
1357 1866 1442 1904 Nro.
1472 1868 1505 1903 6.
