1916 3085
954 76 1014 131 32

176 204 282 252 miro
327 207 450 252 modo
491 208 766 264 supplebant,
813 208 934 252 erant
963 208 1102 253 virtus
1134 221 1310 263 summa,
1354 209 1505 268 ingens
1536 207 1782 268 animusu),

175 295 332 340 magna
371 293 534 335 eorum,
583 280 654 338 qui
686 280 905 340 Syracusis
943 281 1199 338 reipublicae
1232 282 1390 327 statum
1422 296 1547 342 aegre
1577 282 1781 337 ferebant,

175 355 479 408 benevolentia,
513 354 701 411 quodque
739 354 806 399 his
837 354 960 398 rebus
993 355 1130 412 majus
1162 356 1266 407 erat,
1299 355 1430 412 ipsius
1460 357 1631 414 tyranni
1660 357 1782 415 igna-

174 428 245 474 via
276 428 319 472 et
350 426 585 473 Siculorum
617 427 671 472 ab
703 439 750 472 eo
780 426 943 471 mentes
973 426 1441 486 abalienatissimae³⁵).
1524 429 1664 475 Multa
1691 429 1783 488 jam

173 502 333 546 aestate
376 499 442 544 Ol.
480 501 613 552 105,4
645 520 678 536 =
711 500 739 543 9
771 500 884 556 Aug.
917 499 1019 542 anni
1058 501 1171 553 357,
1219 514 1348 557 quum
1384 502 1511 545 noctu
1547 501 1672 546 lunae
1710 502 1783 547 de-

173 574 299 620 fectio
331 573 570 631 fuisset⁸⁶)‚
613 572 884 618 Heraclidem
916 571 1061 627 illum,
1095 572 1146 618 de
1178 587 1258 631 quo
1289 587 1413 631 supra
1443 588 1484 632 p.
1518 575 1576 619 37
1607 574 1780 629 tradidi,

174 649 221 691 ut
257 647 463 692 auxilium
505 646 725 703 colligeret
761 660 811 690 ac
860 646 1124 702 supportaret
1160 647 1421 704 relinquens,
1469 648 1579 693 hanc
1608 661 1782 705 parvam

172 734 343 766 manum
377 720 507 765 armis
539 720 853 776 commeatuque
884 720 990 764 bene
1020 719 1286 773 instructam,
1319 721 1463 777 paucis
1495 721 1674 766 navibus
1704 721 1782 765 Za-

173 795 338 852 cyntho,
373 793 447 837 ubi
477 792 788 849 receptaculum
821 792 972 845 fuerat,
1005 793 1120 837 reeta
1151 792 1220 837 via
1251 793 1297 836 in
1329 793 1518 838 Siciliam
1546 794 1782 851 transgres-
1822 812 1827 818 ·

172 867 309 923 sus⁸⁷)
340 866 427 910 leni
459 866 502 910 et
532 865 651 909 molli
683 866 807 909 vento
839 864 1056 909 duodecim
1087 865 1176 909 dies
1208 867 1365 919 vectus,
1386 867 1513 911 tertio
1534 866 1693 911 decimo
1714 865 1781 910 die

173 960 207 977 =
240 939 299 983 22
330 939 443 996 Aug.
476 938 531 982 ad
562 937 807 994 Pachynum
842 935 1012 981 Siciliae
1043 938 1371 994 promontorium
1392 939 1636 997 appulitssss).
1695 937 1781 983 Sed

172 1013 405 1057 Philistum
445 1010 637 1069 Dionysii
671 1010 819 1054 classis
850 1010 1139 1066 praefectum,
1165 1010 1236 1066 qui
1268 1010 1313 1054 in
1343 1011 1528 1069 Japygia
1559 1012 1783 1056 stationem

172 1086 323 1131 habuit
355 1085 458 1130 adeo
478 1083 785 1137 reformidavit,
808 1084 856 1127 ut
876 1083 1071 1129 maximis
1092 1083 1385 1142 gubernatoris
1406 1084 1780 1140 adhortationibus,

173 1174 301 1217 quum
331 1160 555 1204 vehemens
586 1158 827 1202 immineret
857 1159 1098 1213 tempestas,
1142 1157 1325 1201 cohiberi
1356 1171 1438 1202 non
1468 1160 1619 1215 posset,
1667 1159 1780 1215 quin,

172 1233 370 1290 Pachyno
401 1231 547 1275 relicto
578 1229 822 1274 ulteriorem
855 1229 1002 1274 lateris
1035 1229 1322 1274 meridionalis
1353 1230 1565 1288 regionem
1597 1231 1780 1288 peteret3

174 1319 253 1363 quo
283 1305 446 1349 factum
478 1305 555 1356 est,
588 1304 649 1356 ut,
682 1302 905 1359 naufragio
936 1303 1005 1347 vix
1043 1316 1091 1346 ac
1123 1316 1176 1346 ne
1207 1303 1276 1347 vix
1307 1303 1476 1359 quidem
1504 1303 1673 1357 evitato,
1705 1317 1781 1348 au-

173 1380 261 1423 stro
293 1377 452 1430 stante,
496 1375 641 1432 quinto
673 1375 741 1419 die
773 1374 828 1419 ad
860 1375 1114 1433 Minoamw)
1147 1376 1381 1419 Poenorum
1411 1376 1559 1420 urbem
1591 1375 1780 1421 decurre-

173 1452 281 1506 rent,
315 1463 394 1507 quo
426 1463 451 1493 a
481 1447 896 1505 Carthaginiensium
927 1448 1138 1504 praefecto
1169 1448 1324 1505 Synalo
1346 1461 1441 1493 cum
1463 1448 1672 1493 militibus
1694 1449 1780 1493 suis

171 1524 282 1569 Dion
313 1523 495 1580 benigne
528 1522 721 1577 exceptus
752 1520 896 1577 est40).

170 1669 383 1707 interfuisse
408 1670 615 1715 testemque
652 1666 838 1703 oculatum
875 1665 999 1710 fuisse,
1039 1667 1183 1710 seimus,
1222 1665 1426 1714 descripsit,
1464 1668 1577 1714 atque
1614 1666 1707 1704 hane
1732 1666 1778 1704 ob

169 1742 316 1768 causam
341 1729 475 1767 habere
500 1729 674 1765 maiorem
703 1726 812 1764 fidem
837 1739 974 1764 censeo.

268 1792 316 1838 ³⁴)
341 1790 396 1828 cf.
425 1790 581 1826 Aristot.
608 1789 685 1825 Pol.
714 1789 759 1832 V,
785 1789 821 1831 8,
849 1789 905 1824 17.
931 1787 1038 1825 Diod.
1066 1788 1166 1831 XVI,
1194 1789 1227 1824 9.

267 1851 315 1899 ⁸⁶)
341 1850 397 1889 cf.
425 1850 525 1887 Plut.
552 1849 650 1886 Dion
675 1859 703 1885 c.
731 1849 789 1886 23.
829 1848 935 1886 Corn.
962 1847 1053 1895 Nep.
1080 1848 1177 1885 Dion
1202 1860 1231 1885 c.
1259 1848 1292 1886 5.
1333 1848 1446 1885 Arist.
1473 1848 1551 1886 Pol.
1579 1849 1624 1893 V,
1650 1851 1684 1894 8,
1711 1851 1775 1894 19;

167 1913 212 1956 V,
239 1914 274 1956 8,
301 1914 359 1948 14.
386 1910 492 1947 Diod.
521 1911 561 1947 11.

265 1972 313 2021 8⁶)
340 1971 394 2010 Cf.
422 1971 585 2009 Barthel.
615 1970 766 2019 Voyage
792 1969 965 2008 d'Anaeh.
993 1973 1118 2008 annot.
1147 1970 1194 2007 ad
1221 1970 1323 2019 ehap.
1351 1971 1408 2009 33.

265 2033 314 2081 ³⁹¹)
338 2033 394 2070 De
419 2043 568 2069 numero
593 2033 756 2076 navium,
796 2033 1010 2080 quibuscum
1036 2031 1133 2069 Dion
1159 2033 1326 2076 traiecit,
1365 2033 1562 2080 scriptores
1588 2032 1773 2070 differunt.

166 2095 266 2133 Plut.
293 2095 391 2132 Dion
417 2105 446 2131 c.
474 2095 521 2131 25
547 2094 604 2130 ait
630 2121 638 2129 .
657 2121 665 2129 .
685 2121 693 2129 .
712 2121 721 2129 .
739 2093 961 2141 στρογγύλαι
986 2093 1052 2128 δύο
1078 2094 1178 2137 ναῦς,
1211 2094 1334 2141 τριτὸν
1359 2093 1400 2128 δὲ
1431 2091 1558 2128 πλοῖον
1582 2091 1623 2128 οὐ
1662 2094 1774 2142 μέγα,

165 2155 226 2193 καὶ
251 2156 317 2192 δύο
342 2156 591 2204 τριακόντοροι
614 2155 928 2203 παρηκολούθουν.
954 2153 1059 2191 Diod.
1088 2153 1187 2197 XVI,
1215 2155 1237 2190 6
1263 2152 1396 2191 refert:
1423 2154 1487 2189 δυό
1516 2154 1606 2195 ναῦς
1629 2157 1774 2203 μισθω-

166 2219 334 2267 σάμενος.
374 2216 500 2265 Synes.
528 2227 643 2253 sermo
677 2215 724 2253 ad
749 2216 883 2253 Paeon.
910 2227 944 2263 p.
974 2216 1043 2252 108
1069 2214 1102 2251 A
1139 2213 1315 2251 tradidit:
1354 2213 1410 2251 ἑνὶ
1435 2214 1544 2265 πλοίῳ
1575 2213 1636 2252 καὶ
1659 2217 1774 2265 τούτῳ

165 2279 387 2326 στρογγύλῳ.
430 2277 619 2313 Demosth.
654 2276 736 2313 adv.
763 2276 869 2323 Lept.
897 2287 926 2312 o.
956 2276 1027 2312 162
1051 2274 1234 2321 prodidit:
1261 2274 1372 2323 πλοίῳ
1400 2277 1622 2325 στρογγύλῳ.
1665 2276 1770 2313 Corn.

164 2337 256 2387 Nep.
282 2338 381 2375 Dion
406 2349 434 2374 e.
462 2338 485 2375 5
510 2336 621 2374 dicit:
647 2336 788 2374 duabus
814 2336 991 2374 onerariis
1016 2335 1180 2372 navibus

262 2401 310 2447 ⁸⁸)
336 2399 392 2437 Cf.
420 2400 522 2436 Plut.
548 2400 647 2441 Dion
672 2410 700 2434 c.
729 2399 785 2435 25.
813 2397 920 2434 Diod.
948 2398 1048 2441 XVI,
1076 2398 1132 2434 16.

263 2461 310 2506 ³⁹)
336 2460 463 2496 Minoa
489 2461 547 2496 est
571 2458 658 2495 urbs
684 2457 731 2495 ad
757 2468 857 2495 oram
881 2458 1107 2495 maritimam
1139 2457 1238 2495 inter
1262 2457 1511 2506 Agrigentum
1539 2462 1579 2496 et
1602 2460 1770 2498 Selinun-

163 2526 240 2562 tem
266 2521 313 2560 ad
338 2532 378 2559 os
404 2521 567 2559 fluminis
592 2520 726 2568 Halyci
764 2521 839 2557 sita
875 2522 915 2557 et
952 2531 974 2557 a
1000 2520 1192 2557 Selinunte
1230 2520 1319 2557 urbe
1356 2521 1525 2564 condita;
1564 2520 1609 2558 cf.
1637 2521 1769 2559 Herod.

164 2584 208 2629 V,
233 2585 293 2621 46.
321 2582 428 2619 Diod.
457 2582 522 2625 IV,
551 2582 608 2618 79.

260 2645 308 2692 ⁴⁰)
336 2644 391 2682 cf.
418 2644 519 2681 Plut.
547 2641 646 2681 Dion
672 2654 700 2679 c.
729 2642 776 2680 25
802 2644 841 2680 et
864 2642 970 2680 Diod.
999 2642 1099 2687 XVI,
1126 2644 1159 2686 9,
1187 2643 1250 2691 qui
1277 2641 1641 2689 Carthaginiensium
1666 2656 1767 2692 prae-

161 2704 299 2746 fectum
325 2706 533 2754 ,,Πα’ραλος“
559 2704 732 2753 appellat.
