1916 3085
937 68 993 119 15

727 342 903 410 Pars
941 340 1186 409 altera.

162 467 317 532 Qualis
355 468 494 519 fuerit
532 467 778 531 Dionysius
814 466 960 516 minor
1002 466 1059 515 ad
1103 466 1150 515 id
1187 480 1331 528 usque
1367 467 1565 528 tempus,
1606 479 1693 526 quo
1730 477 1760 512 a

699 563 843 614 Dione
881 563 1100 627 expulsus
1137 563 1223 612 est.

798 776 1123 845 caputl.

160 889 231 933 De
273 887 521 945 Dionysii
552 887 777 932 minoris
807 887 1033 931 moribus
1065 900 1124 931 ac
1170 887 1326 930 rebus
1375 885 1551 943 gestis
1597 897 1761 941 usque

528 960 593 1005 ad
632 961 850 1006 Dionem
887 961 950 1005 ab
989 973 1045 1005 eo
1085 960 1398 1018 relegatum.

281 1070 481 1127 Dionysio
522 1071 679 1115 maiore
726 1070 889 1114 mortuo
919 1070 1145 1127 Dionysius
1176 1070 1312 1114 minor
1342 1069 1455 1113 filius
1486 1069 1653 1113 circiter
1683 1082 1759 1111 un-

162 1143 393 1200 detriginta
423 1157 552 1189 annos
584 1146 708 1188 natus
739 1143 794 1188 ad
825 1156 914 1187 rem
945 1144 1157 1199 publicam
1180 1143 1498 1200 gubernandam
1529 1142 1759 1200 accessit¹)‚

161 1215 315 1259 velutsi
352 1203 650 1272 Syracusarum
696 1216 919 1272 imperium
966 1217 1075 1260 esset
1120 1229 1298 1272 regnum
1343 1216 1604 1272 legitimum,
1652 1214 1761 1271 quod

161 1288 270 1332 alius
311 1290 404 1344 post
443 1289 575 1333 alium
604 1290 804 1345 tanquam
836 1289 1068 1333 hereditate
1100 1289 1318 1345 acciperet.
1382 1289 1499 1333 Adeo
1529 1289 1649 1344 pater
1679 1288 1761 1331 im-

161 1361 323 1417 perium
365 1361 682 1405 confirmaverat
722 1375 771 1406 ac
803 1362 1080 1406 stabiliverat.
1143 1361 1369 1418 Dionysius
1400 1373 1497 1405 vero
1528 1361 1663 1404 minor
1691 1360 1761 1417 ju-

163 1434 280 1478 venis
301 1435 397 1487 fuit,
431 1441 558 1490 quum
580 1434 728 1491 magni
748 1434 924 1491 ingenii,
956 1435 1063 1487 tum,
1097 1447 1346 1489 quamquam
1368 1434 1501 1489 patris
1533 1434 1760 1478 virtutibus

160 1506 284 1563 longe
316 1508 603 1563 superabatur,
635 1508 788 1551 natura
818 1506 1034 1563 praeditus
1065 1506 1178 1550 haud
1210 1519 1309 1550 sane
1341 1506 1491 1563 exigua
1523 1507 1634 1550 recte
1665 1520 1760 1562 per-

161 1578 342 1635 cipiendi
373 1580 589 1634 facultate,
623 1579 856 1636 eloquentia
893 1578 1093 1632 mirabili,
1126 1578 1266 1623 animo
1297 1579 1473 1634 denique
1504 1578 1601 1622 miti
1632 1580 1675 1623 et
1704 1579 1759 1623 ad

260 1736 288 1783 1)
322 1736 421 1781 Quot
450 1748 565 1773 annos
594 1739 705 1773 natus
735 1736 851 1774 fuerit
868 1736 1079 1783 Dionysius,
1114 1748 1185 1783 quo
1218 1738 1380 1783 tempore
1399 1737 1592 1783 imperium
1620 1737 1762 1783 accepit

160 1796 259 1832 haud
275 1797 384 1843 plane
415 1800 570 1834 constat.
623 1797 763 1833 Scimus
793 1809 876 1833 vero
893 1797 1113 1844 Dionysium
1130 1798 1304 1833 maiorem
1329 1797 1373 1833 cf.
1392 1809 1503 1844 supra
1520 1809 1553 1844 p.
1573 1799 1630 1841 10,
1649 1809 1671 1834 a
1689 1798 1760 1834 398

159 1868 232 1893 uno
249 1857 446 1904 eodemque
464 1857 523 1893 die
551 1857 831 1894 Aristomachen
860 1860 899 1894 et
915 1858 1088 1894 Doridem
1119 1869 1245 1894 uxores
1274 1858 1385 1894 simul
1415 1859 1454 1893 in
1483 1859 1758 1895 matrimonium

161 1909 303 1954 duxisse
320 1918 607 1965 Dionysiumque
638 1918 814 1954 minorem
845 1920 937 1954 natu
966 1919 1164 1954 maximum
1187 1917 1335 1954 Doridis
1357 1919 1478 1954 uxoris
1502 1930 1589 1955 esse.
1635 1918 1758 1967 Atque

160 1991 270 2027 quum
303 1991 325 2016 a
358 1979 458 2016 nullo
492 1982 638 2016 auctore
672 1978 853 2016 traditum
883 1980 944 2023 sit,
979 1982 1066 2016 ante
1084 1980 1301 2026 Dionysium
1318 1980 1497 2016 minorem
1527 1980 1663 2016 liberos
1681 1991 1757 2017 esse

159 2042 332 2084 mortuos,
362 2040 422 2076 vel
438 2040 622 2084 Doridem,
654 2040 749 2087 quod
780 2040 926 2087 quidem
956 2040 1143 2077 distinctis
1173 2040 1295 2076 verbis
1324 2039 1368 2076 de
1398 2040 1518 2077 altera
1547 2042 1629 2077 eius
1647 2052 1756 2078 uxore

158 2099 410 2136 Aristomache
428 2100 594 2144 refertur,
626 2112 689 2148 per
707 2101 939 2148 aliquantum
956 2102 1130 2148 temporis
1147 2101 1259 2137 fuisse
1284 2100 1528 2144 infecundam,
1547 2102 1627 2137 sine
1645 2101 1756 2138 dubio

159 2163 321 2197 statuere
338 2161 443 2198 nobis
460 2162 559 2205 licet,
590 2162 807 2209 Dionysium
825 2163 886 2199 vix
902 2165 986 2209 post
1003 2173 1139 2198 annum
1156 2162 1228 2199 396
1244 2164 1374 2198 natum
1400 2173 1477 2198 esse
1494 2163 1668 2208 potuisse,
1698 2163 1757 2199 ita

159 2223 213 2264 ut,
245 2232 355 2268 quum
384 2221 431 2257 ad
447 2233 600 2268 regnum
631 2222 819 2259 accederet
837 2224 980 2260 28-29
998 2234 1111 2259 annos
1139 2223 1250 2258 natus
1280 2223 1386 2258 esset.
1437 2221 1548 2257 Porro
1578 2222 1756 2269 Dionysio

158 2282 291 2319 minori
326 2292 358 2318 a.
375 2282 447 2319 356
481 2283 628 2330 expulso
661 2283 759 2320 filius
793 2286 874 2320 erat
906 2284 1052 2321 nomine
1085 2282 1346 2330 Apollocrates,
1381 2283 1440 2319 cui
1472 2283 1630 2320 maximo
1664 2286 1757 2320 natu

160 2343 355 2391 Ortygiam
379 2344 538 2380 insulam
564 2344 827 2381 defendendam
859 2345 1017 2382 tradidit
1054 2345 1098 2381 cf.
1125 2345 1224 2380 Plut.
1250 2344 1358 2380 Dion.
1385 2355 1414 2380 c.
1441 2345 1499 2386 37,
1526 2345 1583 2381 50.
1624 2345 1756 2381 Strabo

159 2405 203 2450 V,
231 2407 264 2449 1,
291 2405 340 2442 8..
375 2405 455 2441 Iam
481 2416 565 2442 vero
591 2406 622 2442 si
648 2405 995 2444 consideraverimus
1019 2417 1140 2444 rerum
1173 2408 1261 2442 tunc
1293 2404 1557 2449 conditionem,
1590 2406 1756 2452 gravita-

159 2469 235 2503 tem
260 2466 420 2503 muneris
446 2466 504 2502 illi
530 2468 711 2504 commissi
742 2480 815 2504 non
846 2479 1035 2515 possumus
1068 2479 1142 2504 non
1172 2466 1258 2503 inde
1290 2467 1460 2512 colligere
1485 2466 1756 2513 Apollocratem

158 2526 404 2574 septendecim
442 2526 516 2563 fere
554 2538 668 2564 annos
706 2528 877 2566 habuisse
915 2530 970 2566 ita
1008 2531 1052 2565 ut
1089 2528 1136 2565 ad
1161 2528 1281 2564 minus
1307 2539 1340 2565 a.
1366 2528 1438 2564 373
1463 2529 1573 2564 natus
1599 2540 1676 2565 esse
1702 2529 1757 2565 vi-

158 2577 301 2624 deatur.
352 2588 489 2633 Quodsi
520 2588 799 2631 Aristomachen
837 2601 901 2637 per
932 2590 1070 2627 multos
1107 2601 1220 2626 annos
1257 2589 1420 2625 sterilem
1457 2588 1570 2625 fuisse
1610 2592 1757 2627 constat

157 2650 446 2698 Dionysiamque
470 2651 647 2687 minorem
671 2650 943 2688 Aristomaches
974 2652 1089 2688 filiam
1122 2650 1375 2697 Sophrosynen
1407 2649 1446 2685 in
1477 2650 1755 2687 matrimonium

157 2710 312 2754 duxisse,
337 2710 405 2747 hoc
429 2722 503 2748 non
528 2714 614 2748 ante
640 2723 775 2748 annum
801 2712 973 2759 Dionysii
1010 2712 1147 2749 aetatis
1184 2711 1401 2756 vigesimum
1439 2710 1598 2747 alterum
1615 2710 1754 2748 factum

157 2783 235 2809 esse
260 2771 457 2809 verisimile
484 2774 558 2818 est,
597 2772 636 2810 id
662 2772 756 2822 quod
781 2784 916 2811 novum
954 2774 1067 2811 etiam
1098 2772 1305 2810 sententiae
1341 2772 1549 2819 propositae
1587 2773 1755 2811 testimo-

156 2834 258 2871 nium
281 2835 379 2872 recte
403 2835 601 2882 putaveris.
