1916 3085
950 54 1009 102 28

170 173 348 223 Platone
379 177 649 237 conjunctum
681 177 936 230 audivisset3
977 190 1105 235 quam
1142 176 1195 223 ob
1232 190 1323 223 rem
1362 178 1491 224 etiam
1535 178 1575 224 ei
1612 186 1781 225 censum

169 251 455 308 praediorum,
496 252 646 308 quibus
677 252 964 309 procuratores
996 264 1092 296 suos
1123 251 1340 308 praefecit,
1372 252 1544 297 mittere
1574 251 1780 310 desiitfl).

169 315 342 378 Multis,
374 325 446 381 qui
477 325 635 369 eruditi
666 325 950 378 habebantur,
990 323 1249 381 philosophis
1279 324 1334 369 ad
1366 337 1410 369 se
1442 325 1622 379 vocatis,
1653 338 1782 383 quum

170 397 342 450 bellum,
377 397 428 440 de
461 411 541 453 quo
569 398 660 455 Jam
693 410 839 453 supra,
873 396 1151 453 compositum
1184 399 1305 451 esset,
1337 397 1556 441 Platonem
1588 398 1781 454 precibus

169 470 511 527 persequebatur,
545 470 593 514 ut
625 470 851 528 Syracusas
883 468 1067 523 veniret,
1099 470 1278 517 Dionem
1310 470 1513 524 hortatuS,
1545 470 1594 514 ut
1624 484 1782 515 annum

168 543 322 587 abhinc
354 544 471 587 extra
500 542 690 587 Siciliam
720 542 853 587 vitam
886 542 1138 600 degeret18).
1203 543 1431 588 Abnuebat
1472 542 1615 586 autem
1642 542 1779 596 Plato,

171 629 302 673 quum
334 616 595 661 senectutem
627 629 848 669 excusans,
890 616 984 660 tum
1022 615 1121 672 quia
1152 616 1379 674 Dionysius
1415 616 1668 673 promissum
1697 627 1781 660 non

170 689 378 733 solvisset.
445 688 535 743 Quo
565 688 727 733 factum
760 690 843 742 est,
882 690 932 733 ut
971 702 1037 734 res
1075 689 1229 734 iterum
1266 689 1560 735 differrentur..
1617 687 1780 733 Deinde

170 762 224 807 ab
257 761 449 819 Archyta
490 760 720 819 ceterisque
761 761 1039 820 Pythagoreis
1079 762 1250 820 petivit,
1293 764 1342 808 ut
1372 763 1452 820 ipsi
1485 762 1779 820 promissorum

169 847 339 879 suorum
371 834 499 878 vades
538 847 633 878 eum
672 836 943 879 arcesserent.
1009 835 1091 890 Qui
1122 836 1424 881 Archidemum
1457 836 1778 893 Syracusanum,

169 907 386 966 Archytae
417 907 816 961 familiarissimum,
849 921 874 952 a
905 908 1082 970 Platone
1114 922 1210 953 vero
1241 909 1362 953 unice
1393 910 1607 973 amatum,
1646 908 1780 952 Athe-

168 993 245 1024 nas
277 979 503 1033 miserunt,
552 980 624 1036 qui
656 979 905 1038 Dionysium
937 980 1140 1025 minorem
1172 993 1277 1025 novo
1314 980 1601 1038 philosophiae
1634 979 1780 1024 ardore

168 1053 491 1109 litterarumque
521 1052 802 1109 ingenuarum
834 1052 975 1097 studio
1012 1052 1388 1109 inflammatumw)
1430 1054 1519 1097 eius
1549 1052 1780 1111 adventum

169 1126 293 1170 valde
326 1125 580 1179 desiderare,
614 1124 893 1170 confirmaret.
956 1125 1068 1171 Huic
1100 1126 1229 1171 etiam
1259 1126 1428 1171 addidit
1449 1125 1687 1183 Dionysius⁴
1706 1125 1781 1169 no-

169 1199 276 1244 biles
308 1198 479 1244 Siciliae
510 1198 667 1243 amicos
700 1199 743 1243 et
773 1199 966 1243 triremes
997 1212 1093 1243 cum
1129 1198 1306 1252 litteris,
1349 1198 1500 1255 quibus
1538 1197 1779 1242 minabatur

169 1285 384 1329 nunquam
416 1285 461 1316 se
492 1272 670 1317 Dionem
703 1285 792 1316 esse
829 1273 1120 1317 revocaturum
1151 1272 1234 1317 nisi
1264 1273 1354 1329 ipse
1386 1272 1611 1330 Syracusas
1641 1270 1780 1315 venis-

170 1346 245 1390 set.
312 1345 449 1400 Quum
481 1346 696 1402 praeterea
728 1345 900 1403 cognati
930 1359 980 1390 ac
1012 1359 1124 1390 soror
1155 1346 1281 1402 atque
1312 1358 1412 1389 uxor
1443 1358 1469 1388 a
1500 1344 1633 1388 Dione
1663 1344 1779 1400 pete-

168 1419 283 1471 rent,
323 1419 372 1462 ut
403 1418 527 1463 Plato
559 1419 839 1463 reverteretur
871 1418 908 1463 si
938 1417 1028 1475 ipse
1061 1420 1104 1463 et
1134 1418 1317 1475 patriam
1355 1419 1398 1462 et
1429 1431 1523 1463 suos
1554 1415 1778 1474 aliquando

169 1504 212 1535 se
245 1492 434 1536 visurum
467 1505 556 1536 esse
587 1492 792 1548 speraret,
826 1492 949 1536 Plato
989 1492 1146 1536 diutius
1182 1491 1375 1548 precibus
1413 1490 1545 1535 unitis
1582 1488 1777 1534 resistere

167 1564 305 1608 noluit
337 1565 379 1608 et
411 1565 537 1608 tertio
569 1564 796 1622 Syracusas
827 1565 1038 1621 profectus
1069 1565 1199 1621 est20)
1232 1578 1278 1609 eo
1309 1563 1498 1617 consilio,
1530 1564 1579 1607 ut
1599 1563 1777 1607 Dionem

269 1721 315 1767 ¹⁷)
341 1720 397 1759 Of.
425 1720 526 1758 Plut.
553 1721 651 1757 Dion
676 1732 705 1757 c.
734 1722 790 1758 18.

269 1782 314 1828 ¹⁸)
340 1780 398 1819 Cf.
425 1781 527 1817 Plut.
555 1781 594 1817 ll.
621 1781 731 1817 Plato
758 1792 812 1829 ep.
839 1782 924 1818 VII.
951 1793 986 1829 p.
1013 1782 1086 1819 338
1100 1781 1140 1819 O.

269 1841 315 1889 ¹⁹)
341 1842 395 1878 Re
422 1852 508 1878 vera
533 1841 733 1889 Dionysius
772 1854 845 1879 non
883 1853 1027 1890 prorsus
1065 1843 1185 1879 omnis
1225 1842 1264 1879 in
1302 1842 1442 1879 litteris
1479 1840 1623 1889 ingenii
1654 1850 1779 1887 expers

168 1903 285 1940 fuisse
312 1902 461 1940 videtur
470 1918 480 1947 3
506 1904 658 1946 etenim,
685 1906 729 1939 ut
754 1903 904 1940 silentio
931 1905 1177 1947 transeamus,
1217 1901 1312 1950 quod
1338 1903 1514 1950 epistolae
1540 1902 1612 1949 ipsi
1636 1901 1778 1937 auctori

167 1964 436 2008 attribuuntur,
476 1963 521 2001 cf.
557 1964 666 2012 Diog.
707 1964 830 2002 Laert.
870 1964 933 2002 IV.
963 1966 996 2007 1,
1022 1964 1055 2002 5.
1097 1963 1232 2002 Athen.
1266 1963 1342 2002 XII
1386 1974 1415 2001 c.
1442 1964 1506 2007 66;
1544 1962 1629 2000 VII.
1662 1972 1681 1998 c
1721 1962 1777 2005 10,

168 2025 264 2072 quod
288 2037 476 2072 nunquam
502 2026 663 2061 virorum
701 2026 842 2061 litteris
867 2026 1110 2073 expolitorum
1146 2037 1214 2062 usu
1251 2036 1292 2061 ac
1318 2023 1579 2061 consuetudine
1617 2022 1776 2064 carebat,

165 2088 335 2133 poemata
362 2096 503 2134 quoque
529 2085 673 2122 fei-iisse
699 2086 830 2124 fertur.
865 2086 909 2124 cf.
936 2086 1072 2124 Athen.
1100 2086 1164 2130 VI,
1191 2096 1219 2122 c.
1248 2086 1306 2123 56.
1332 2084 1505 2133 Polyaen.
1534 2085 1642 2120 strat.
1670 2082 1715 2126 V,
1741 2084 1775 2126 2,

165 2148 225 2185 46.
254 2147 387 2184 Suidas
413 2160 441 2184 s.
470 2159 502 2184 v.
532 2148 730 2188 Διονύσιος.

264 2208 312 2255 ²⁰)
338 2209 433 2245 Sunt
459 2209 530 2244 viri
558 2208 669 2251 docti,
697 2209 761 2256 qui
787 2208 832 2245 de
856 2208 925 2245 hoc
950 2209 1030 2256 ipso
1055 2206 1223 2244 Platonis
1248 2207 1383 2243 itinere
1410 2206 1584 2243 dubitent
1609 2217 1650 2243 ac
1674 2216 1777 2253 prae-

166 2269 270 2318 cipue
297 2268 445 2318 quidem
483 2281 565 2307 eam
589 2269 637 2307 ob
663 2281 830 2314 causam,
870 2269 967 2319 quod
993 2269 1162 2307 Platonis
1200 2269 1388 2317 epistolas,
1426 2267 1522 2306 unde
1560 2268 1777 2317 posteriores

166 2331 362 2378 scriptores
396 2330 659 2374 exhauserunt,
699 2330 813 2367 falsas
852 2342 930 2367 esse
968 2330 1107 2367 dicunt.
1160 2330 1247 2374 Sed,
1287 2333 1466 2378 quantum
1504 2330 1633 2372 sciam,
1671 2339 1776 2366 nemo

166 2391 259 2428 satis
285 2390 556 2427 demonstravit
593 2390 771 2439 nobisque
796 2391 1013 2439 persuadere
1038 2392 1163 2439 potuit
1189 2393 1386 2440 septimam
1411 2392 1546 2439 ipsam,
1586 2401 1680 2439 quae
1705 2390 1778 2427 iter

166 2451 260 2488 illud
286 2463 309 2488 a
334 2451 494 2487 Platone
520 2455 727 2497 susceptum
765 2452 954 2489 distinctis
992 2452 1114 2489 verbis
1139 2454 1327 2500 proponit,
1365 2464 1438 2489 non
1463 2463 1540 2489 esse
1565 2451 1774 2498 genuinam.

168 2511 220 2548 Ut
245 2514 372 2548 autem
399 2511 641 2558 epistolarum
666 2514 795 2548 auctor
820 2523 892 2548 non
918 2513 969 2549 sit
995 2512 1115 2556 Plato,
1141 2512 1205 2549 sed
1230 2524 1311 2557 cae,
1349 2514 1393 2549 ut
1417 2513 1565 2559 putant,
1590 2513 1674 2559 post
1698 2510 1776 2547 eius

166 2575 324 2609 mortem
349 2584 371 2609 a
397 2571 578 2621 discipulo
617 2575 657 2610 et
683 2575 839 2620 cognato
866 2573 1066 2622 Speusippo
1092 2574 1250 2621 scriptae
1281 2574 1376 2617 sint,
1415 2572 1508 2610 mihi
1544 2583 1665 2609 rerum
1689 2570 1777 2609 fidei

165 2644 239 2669 non
264 2633 412 2670 obstare
438 2633 599 2677 videtur,
627 2633 723 2682 quod
750 2634 810 2670 vix
836 2633 978 2671 credere
996 2645 1143 2682 possum
1161 2634 1402 2681 Speusippum
1427 2633 1460 2669 si
1484 2644 1523 2669 re
1541 2644 1627 2669 vera
1651 2643 1775 2669 earum

165 2697 291 2732 auctor
317 2697 385 2738 est,
425 2706 535 2742 quum
574 2706 639 2742 per
664 2695 801 2732 multos
839 2706 952 2731 annos
978 2706 1000 2732 a
1025 2695 1182 2732 Platone
1220 2693 1312 2731 fides
1344 2694 1379 2730 ei
1403 2693 1601 2731 haberetur
1625 2693 1776 2739 eiusque

165 2755 428 2793 consuetudine
454 2758 633 2799 uteretur,
673 2757 786 2793 immo
812 2757 929 2793 etiam
966 2757 1258 2803 consanguineus
1285 2756 1363 2792 eius
1401 2758 1508 2798 esset,
1546 2755 1634 2791 ficta
1660 2752 1707 2789 ab
1733 2763 1775 2789 eo

164 2815 373 2854 tradidisse.
426 2815 568 2854 Deinde
607 2828 764 2865 magnos
801 2818 1045 2866 antiquitatis
1070 2816 1267 2865 scriptores
1307 2815 1434 2854 eadem
1459 2814 1565 2853 nobis
1590 2812 1774 2858 retulisse,
