1916 3085
889 100 947 146 12

109 221 310 278 perpetuo
330 221 776 280 turbulentissimoque
797 222 1087 279 acquiescebat
1107 223 1230 277 bello,
1264 236 1312 269 eo
1331 222 1422 281 ipso
1442 237 1606 270 morum
1627 221 1717 270 eius

109 295 417 351 corruptionem
451 298 565 340 cerni
607 297 728 350 licet,
777 310 857 353 qua
881 295 1120 354 'praecipue
1153 297 1313 341 ratione
1345 298 1507 342 factum
1539 298 1621 350 est,
1668 298 1717 341 ut

107 368 321 424 posterum
352 369 494 413 odium
528 371 571 414 et
612 370 963 426 contemptionem
1003 369 1048 413 in
1087 384 1131 415 se
1173 370 1446 415 converteret.
1512 371 1715 428 Suspicio,

109 440 281 495 duritia,
315 443 542 488 crudelitas
574 443 713 501 magis
743 444 789 487 in
820 442 910 487 dies
942 442 1160 501 magisque
1182 443 1439 501 augebatur;
1471 444 1520 488 ut
1541 443 1586 488 in
1607 444 1716 489 bello

109 528 299 559 summus
330 517 576 572 imperator,
622 518 683 561 sic
714 517 843 561 etiam
874 516 919 560 in
950 530 1074 573 pace,
1118 518 1293 561 minime
1323 517 1528 561 rationem
1559 517 1717 562 habens

104 587 215 644 juris
249 589 442 642 aliorum,
476 591 585 646 quod
616 591 783 647 praeter
816 603 939 633 suum
970 590 1087 633 nullo
1118 590 1240 634 modo
1263 588 1547 646 comprobavit
1567 602 1718 646 regna-

107 660 202 713 bat,
245 674 374 716 quum
412 676 487 706 sua
525 663 658 719 ipsius
696 662 990 719 magnitudine
1037 676 1159 718 super
1203 663 1375 707 modum
1408 663 1542 706 elatus
1577 663 1637 706 vet
1668 675 1716 706 ea

110 746 192 776 non
226 735 494 790 comprobata
524 735 650 780 facile
673 736 715 780 et
735 734 1044 791 inexpiabiliter
1072 735 1181 779 esset
1201 735 1393 779 offensus.
1459 735 1717 792 Quapropter

108 806 387 851 amicissimos
418 808 507 852 eius
544 809 785 865 Leptinem,
818 807 1133 864 Philistum43),
1176 808 1225 851 ut
1261 809 1495 864 exemplum
1531 809 1714 861 afferam,

109 891 360 934 quamquam
402 881 555 924 natura
586 881 641 924 ad
672 881 906 924 amicitiam
937 880 1059 924 valde
1093 881 1185 923 erat
1215 881 1531 938 propensus49),
1573 881 1618 924 in
1649 894 1717 925 ex-

108 951 253 994 silium
284 951 423 1005 misit,
472 953 581 1008 quod
620 952 805 1010 gratiam
841 952 979 1008 potius
1022 952 1323 1008 appellaverim
1337 987 1347 1006 ,
1396 966 1523 1009 quum
1566 954 1717 997 soleret

108 1023 332 1068 minimum
366 1025 570 1070 delictum
602 1026 738 1082 capite
769 1026 930 1082 punire.

230 1097 326 1152 Ipse
358 1098 600 1142 liberalium
631 1099 789 1142 artium
818 1099 933 1142 tutor
964 1111 1013 1142 ac
1043 1098 1261 1155 faut0r50),
1295 1098 1383 1154 ipse
1412 1098 1613 1155 poetam),
1646 1097 1718 1154 qui

109 1168 268 1213 litteris
301 1169 497 1227 ingenuis
531 1172 808 1224 excellebant,
851 1171 895 1214 in
935 1171 1075 1214 aulam
1116 1184 1235 1214 suam
1267 1184 1474 1214 arcessere
1506 1170 1715 1223 studebat,

109 1241 333 1286 dummodo
365 1256 459 1287 cum
493 1256 539 1287 eo
571 1243 705 1288 vitam
739 1244 891 1301 degere
922 1243 1236 1300 potuissent52).

230 1314 344 1358 Nam
374 1316 578 1371 perfidus,
612 1316 816 1368 infidelis,
850 1315 1020 1371 impius,
1051 1329 1200 1359 avarus
1231 1328 1306 1371 per
1336 1316 1481 1359 inanes
1509 1315 1717 1371 cupidita-

108 1386 174 1430 tes
207 1400 303 1431 suas
335 1388 389 1431 ad
420 1401 586 1433 omnem
618 1389 865 1433 violentiam
903 1388 1226 1445 agitabatur⁵⁸).
1293 1387 1382 1442 Quo
1420 1388 1559 1445 magis
1591 1387 1717 1432 confi-

111 1458 254 1504 dentia
285 1461 329 1504 in
361 1461 531 1515 amicos,
565 1462 666 1518 quin
698 1462 825 1506 etiam
859 1461 903 1505 in
936 1475 1057 1506 suam
1087 1460 1219 1518 ipsius
1250 1460 1459 1504 familiam
1489 1460 1717 1505 labefacta-

109 1532 246 1587 batur,
280 1548 326 1579 eo
358 1536 497 1593 magis
528 1536 739 1581 crescebat
755 1535 1015 1593 suspicio-¹³⁴),
1056 1548 1101 1579 eo
1134 1534 1298 1591 saepius
1329 1535 1527 1579 utebatur
1559 1534 1717 1579 delato—

210 1644 258 1690 ⁴⁸)
285 1644 340 1681 Cf.
366 1644 473 1680 Diod.
500 1645 580 1688 XV,
608 1646 641 1682 7.
680 1645 873 1691 Leptines,
913 1645 976 1691 qui
1014 1645 1053 1680 in
1079 1644 1232 1680 Italiam
1270 1643 1317 1688 ad
1344 1643 1499 1679 Thurios
1537 1642 1718 1689 effugerat

111 1704 219 1749 paulo
245 1707 329 1751 post
354 1705 394 1741 in
425 1706 624 1752 pristinum
656 1706 937 1742 benevolentiae
970 1704 1243 1751 dignitatisque
1276 1704 1395 1739 locum
1426 1703 1623 1740 restitutus
1647 1704 1716 1746 est,

109 1764 293 1802 Philistus
319 1768 445 1802 autem
471 1766 649 1813 Dionysio
676 1766 819 1802 demum
846 1768 990 1801 mortuo
1017 1764 1140 1801 rediit.
1168 1764 1222 1801 Cf.
1249 1763 1346 1800 infra
1371 1774 1455 1810 pag.
1483 1764 1540 1800 24.

209 1827 256 1873 49)
283 1826 337 1864 Cf.
365 1827 448 1863 val.
475 1827 571 1864 Max.
598 1827 662 1870 IV,
684 1827 716 1863 7.
743 1826 817 1864 cic.
844 1825 888 1862 de
906 1826 965 1863 off.
984 1825 1053 1868 ΙΙΙ,
1075 1826 1132 1867 10,
1159 1824 1250 1871 disp.
1270 1824 1373 1861 Tusa.
1400 1824 1444 1867 V,
1471 1825 1528 1861 22.
1554 1824 1717 1872 Polyaen

110 1888 219 1923 strat.
246 1887 290 1929 V,
319 1888 352 1931 2,
380 1889 438 1924 21.

208 1948 256 1994 ⁵⁰)
283 1947 338 1985 Cf.
365 1948 497 1984 Aelian
525 1960 558 1985 v.
585 1949 620 1984 h.
648 1949 713 1989 XI,
743 1950 799 1985 11.
828 1947 959 1984 Suidas
984 1960 1011 1984 s.
1040 1959 1072 1983 v.
1100 1946 1295 1986 Διονύσιος.

208 2008 255 2054 ⁵¹)
282 2008 337 2045 Cf.
364 2008 498 2045 Aelian
525 2020 557 2045 v.
585 2009 621 2045 h.
647 2009 754 2051 XIII,
784 2010 841 2045 18.
886 2007 1018 2044 Suidas
1044 2007 1083 2043 ll.
1110 2006 1246 2043 Athen.
1272 2006 1338 2049 IX,
1364 2007 1447 2043 401.
1491 2005 1593 2042 Stob.
1621 2004 1717 2041 Flor.

111 2068 192 2112 105,
220 2070 242 2105 2
268 2069 331 2105 ubi
358 2069 569 2116 fragmenta
596 2070 781 2116 leguntur.
811 2069 932 2106 Tzetz.
959 2068 1058 2107 Chil.
1085 2068 1129 2111 V,
1157 2069 1239 2105 180.
1267 2067 1342 2105 Cic.
1361 2066 1453 2114 disp.
1473 2067 1577 2103 Tusc.
1596 2067 1641 2109 V,
1659 2068 1716 2104 22.

109 2129 292 2167 Ammian.
320 2131 482 2168 Marcell.
503 2131 583 2174 XV,
602 2132 635 2168 5.
662 2131 800 2167 Lucian
826 2130 882 2167 ed.
900 2130 1086 2173 Jacobitz:
1115 2129 1158 2165 de
1177 2129 1282 2175 lapsu
1308 2128 1407 2165 inter
1424 2129 1535 2164 salut.
1553 2129 1577 2165 4
1593 2140 1627 2175 p.
1645 2128 1717 2165 447
1745 2120 1749 2123 “

110 2192 149 2226 et
174 2190 257 2227 adv.
285 2190 422 2228 indoct.
450 2203 478 2228 c.
506 2191 552 2228 15
578 2191 643 2228 ubi
669 2193 804 2228 iterum
829 2191 1081 2238 fragmentum
1106 2190 1283 2226 invenies.
1310 2188 1446 2225 Athen.
1473 2189 1545 2226 III.
1571 2200 1599 2225 c.
1627 2188 1684 2226 54.

207 2251 254 2297 5Ξ)
281 2252 503 2289 Philoxenus
530 2253 594 2289 ille
624 2252 936 2299 dithyrambicus,
970 2262 1083 2299 quum
1116 2250 1269 2298 tyranni
1304 2249 1467 2286 carmina
1493 2250 1719 2296 vituperaret

108 2312 147 2347 in
174 2312 351 2348 latumias
389 2313 523 2349 missus
548 2315 616 2349 est.
668 2313 723 2350 Cf.
762 2314 863 2350 Plut.
902 2313 1004 2349 Alex.
1043 2311 1163 2347 fortit.
1190 2311 1241 2346 ΙΙ.
1268 2321 1298 2346 c.
1327 2312 1358 2346 1.
1403 2310 1524 2346 Tzetz.
1550 2310 1646 2347 Chil.
1672 2310 1717 2353 V,

110 2373 180 2408 159
206 2384 284 2419 sqq.
324 2372 369 2414 X,
405 2374 477 2409 844
502 2385 579 2421 sqq.
619 2373 751 2410 Aelian
786 2385 819 2409 v.
847 2373 882 2409 h.
918 2373 1004 2415 XII,
1030 2372 1089 2408 44.
1129 2371 1268 2407 Lucian
1307 2370 1389 2407 adV.
1428 2370 1564 2407 indoct.
1604 2382 1632 2406 c.
1661 2370 1717 2407 15.

110 2433 211 2470 Suid.
239 2446 267 2470 s.
297 2445 330 2470 v.
359 2434 559 2474 Φιλόξενος.
598 2435 761 2470 Phanias
792 2433 888 2481 apud
913 2434 1049 2470 Athen.
1076 2432 1140 2473 VI,
1169 2433 1202 2468 6.
1241 2430 1423 2467 Ammian.
1449 2431 1612 2467 Marcell.
1638 2431 1717 2474 XV,

109 2494 143 2536 5,
170 2496 228 2531 37.
268 2494 377 2530 Plato
403 2497 558 2530 mortem
585 2495 644 2530 vix
670 2494 815 2540 effugit.
854 2493 1044 2540 Antiphon
1070 2492 1219 2540 quidam
1246 2503 1285 2528 os
1310 2492 1468 2529 liberum
1492 2493 1609 2528 morte
1635 2491 1717 2528 luit.

110 2555 164 2594 Cf.
191 2556 291 2592 Plut.
319 2555 363 2593 de
390 2555 507 2592 adult.
535 2567 563 2592 c.
583 2556 640 2592 27.
666 2555 873 2602 Polyxenus
899 2554 988 2600 fuga
1006 2554 1136 2591 evasit.
1163 2553 1219 2591 Cf.
1237 2553 1338 2590 Plut.
1356 2554 1454 2589 Dion
1472 2564 1501 2589 c.
1520 2553 1565 2589 21
1584 2555 1624 2590 et
1640 2553 1718 2590 alii.

207 2616 254 2662 53)
281 2616 531 2653 crudelitates
557 2616 729 2662 Dionysii
768 2626 891 2651 omnes
917 2626 1128 2651 enumerare
1154 2615 1307 2660 longum
1334 2616 1391 2650 est
1422 2613 1467 2650 cf.
1494 2612 1599 2651 Corn.
1627 2613 1717 2661 Nep.

110 2675 154 2712 de
179 2677 296 2722 Regg.
333 2677 366 2712 2.
405 2676 512 2713 Diod.
548 2675 648 2718 XIV,
683 2676 844 2719 65—69;
884 2677 962 2720 XV,
999 2677 1032 2713 7.
1071 2676 1173 2712 Plut.
1209 2675 1340 2712 Timol.
1368 2686 1397 2711 c.
1424 2675 1467 2718 63
1506 2675 1602 2711 Dion
1629 2686 1658 2712 c.
1684 2676 1718 2711 3.

109 2737 243 2773 Aelian
270 2749 302 2773 v.
329 2737 365 2774 h.
393 2737 498 2778 XIII,
525 2737 584 2779 45,
614 2738 672 2773 34.
711 2737 812 2773 Plut.
839 2736 941 2780 Alex,
968 2738 1052 2774 fort.
1079 2737 1128 2779 II,
1156 2736 1188 2772 5.
1230 2735 1304 2772 Cic.
1332 2734 1423 2782 disp.
1458 2736 1563 2772 Tusc.
1588 2735 1633 2778 V,
1660 2735 1718 2771 20.

109 2797 271 2833 Niehues
296 2809 330 2843 p.
359 2799 416 2839 67,
444 2799 507 2844 qui
534 2798 628 2833 hanc
654 2809 729 2833 rem
757 2799 962 2834 accuratius
988 2797 1192 2844 descripsit.

208 2858 256 2905 ⁵4)
296 2857 351 2897 Cf.
378 2858 478 2896 Plut.
505 2859 603 2895 Dion
628 2870 657 2896 c.
685 2859 718 2896 9.
757 2858 865 2895 Diod.
900 2858 1000 2902 XIV,
1027 2859 1068 2902 23
1095 2857 1176 2902 XX,
1204 2857 1261 2895 63.
1301 2856 1375 2896 Cic.
1409 2856 1501 2904 disp.
1542 2855 1646 2893 Tusc.
1672 2854 1717 2900 V,
