1916 3085
934 56 995 105 22

155 180 293 228 solum
331 181 513 228 fratrum
552 180 751 240 cognatos
790 193 935 227 verum
976 179 1106 226 etiam
1148 180 1302 227 fratres
1331 181 1524 240 ipsos20),
1554 180 1769 240 tamquam

154 255 323 312 imperii
364 254 550 299 aemulos
570 254 864 307 interfecisset,
889 253 1046 298 incidi-t
1076 255 1165 298 eius
1185 253 1326 298 odium
1349 254 1394 298 in
1413 246 1594 299 Dionem
1616 254 1767 312 ipsum,

154 341 180 372 a
229 340 308 385 quo
355 340 399 372 se
448 326 644 384 ingenio,
683 326 943 371 auctoritate
986 327 1210 383 populique
1249 339 1391 371 amore
1422 328 1612 383 superari
1645 327 1768 380 vidit,

154 412 357 457 quemque
388 413 415 444 a
445 399 629 444 Philisto
659 398 862 444 incitatus
893 398 1105 455 imprimis
1135 399 1190 444 ad
1211 399 1477 458 tyrannidem
1500 400 1769 445 evertendam

153 472 425 530 peridoneum
457 472 707 530 putavit21),
771 471 892 527 Quod
921 471 1079 525 odium,
1113 485 1299 529 quaeque
1330 472 1510 529 suspicio
1539 472 1664 517 valde
1694 486 1769 517 au-

155 546 348 604 gebatur,
381 554 509 603 quum
540 545 597 590 ad
628 545 877 603 Dionysium
908 544 1019 589 clam
1060 544 1235 602 epistola
1268 545 1472 602 quaedam
1502 557 1528 589 a
1548 545 1682 590 Dione
1707 545 1768 590 ad

155 619 388 664 Poenorum
409 618 709 677 magistratum
727 618 883 675 scripta
899 617 1145 671 deferretur,
1162 631 1334 663 monens
1349 632 1400 663 ne
1412 618 1464 663 de
1484 618 1651 676 paoe22)
1672 631 1769 662 cum

154 691 358 749 Dionysio
388 692 473 736 nisi
499 701 548 736 'se
577 692 797 749 praesente
827 691 1054 747 ageret23).
1119 689 1255 745 Quam
1287 704 1416 747 quum
1448 691 1672 749 Dionysius
1703 702 1768 733 re·-

258 810 306 858 ⁸⁰)
331 810 385 848 Ut
409 823 520 859 supra
544 822 630 859 pag.
658 813 705 849 10
742 810 911 854 diximus,
950 811 990 847 in
1016 822 1086 858 quo
1112 812 1152 847 et
1188 822 1313 848 omnes
1338 822 1411 848 uno
1436 822 1496 847 ore
1534 811 1768 847 consentiunt

155 871 363 919 scriptores,
388 871 570 920 Dionysio
594 871 733 909 maiore
771 873 914 919 septem
951 873 1102 908 tantum
1139 874 1246 909 erant
1282 871 1409 915 liberi,
1448 882 1491 909 ex
1515 870 1768 909 Aristomache

155 931 303 980 quidem
329 932 400 969 filii
426 932 497 969 duo
522 932 691 980 Nysaeus
717 934 757 969 et
782 932 1009 979 Hipparinus
1033 932 1206 979 filiaeque
1231 932 1324 969 duae
1342 932 1571 979 Sophrosyne
1588 934 1628 969 et
1644 932 1766 975 Arete,

155 1004 175 1029 e
200 991 337 1029 Doride
364 992 436 1029 duo
462 992 533 1029 filii
559 992 762 1040 Dionysius
786 992 908 1029 minor
932 993 972 1028 et
996 991 1248 1039 Apollocrates
1273 993 1313 1028 et
1337 1002 1412 1028 una
1430 991 1515 1028 ‘filia
1531 991 1766 1038 Dicaeosyne.

153 1054 235 1090 Iam
261 1053 471 1090 invenimus
496 1055 623 1091 autem
648 1052 892 1090 Boeckhinm:
935 1063 1085 1100 „corpus
1118 1053 1308 1099 inscript.“
1345 1052 1621 1099 inscriptionem
1653 1062 1766 1099 quan-

155 1113 240 1150 dam
264 1113 295 1150 Ι.
321 1124 406 1161 pag.
432 1115 517 1158 898,
544 1124 616 1161 qua
641 1114 873 1150 continetur:

157 1201 447 1210 ...........
465 1176 868 1210 ΟΤῙΔΟΚΕΙΤΩΙΒΟΥΛ
887 1201 896 1210 .
915 1201 924 1210 .
943 1202 951 1209 .
971 1201 979 1210 .
999 1201 1008 1210 .
1027 1201 1035 1209 .

154 1238 593 1270 ΑΙΜΕΝΔΙΟΝῩΣΙΟΝΕΟ
619 1262 629 1271 .
656 1238 794 1270 ΣΙΚΕΛ
812 1261 987 1270 .......

155 1299 219 1331 ΑΚ
243 1322 251 1331 .
278 1323 288 1331 .
317 1299 491 1331 ΤΟΥΣῩΕ
516 1323 524 1332 .
551 1299 698 1331 ΣΤΟῩΣ
720 1323 729 1331 .
755 1298 831 1331 ΙΟΝ
844 1323 966 1332 .....

156 1359 227 1391 ΣΙΟ
253 1382 262 1391 .
288 1358 762 1391 ΚΛΙΕΡΜΟΚΡΙΊὈΝΟΤΙΕΙ
776 1382 785 1391 .
804 1382 813 1391 .
832 1383 841 1391 .
860 1383 869 1391 .
907 1367 1072 1403 quaeque
1102 1356 1198 1392 hunc
1236 1356 1275 1391 in
1307 1354 1452 1391 modum
1491 1353 1671 1399 completa
1697 1355 1764 1389 est.

157 1442 448 1454 ...........
466 1415 523 1453 ὅτι
548 1415 652 1453 δοκεῖ
672 1428 693 1453 τ
707 1416 758 1464 (ᾖ)
784 1416 946 1464 pavisti),
972 1416 1140 1453 ἐπαινέσ-

156 1489 195 1513 αι
218 1478 293 1526 μὲν
318 1478 509 1513 Διονύσιον
534 1477 584 1524 (τ)
603 1477 622 1512 ὁ
642 1478 695 1522 (ν)
721 1477 825 1513 Σικελ
839 1476 925 1522 (ias)
949 1478 1092 1524 βασιλέ-

156 1549 180 1572 α
205 1534 266 1573 καὶ
290 1537 375 1578 τοῦς
400 1536 443 1574 ὗε
457 1536 523 1584 (ὓς
547 1536 631 1578 τοῦς
657 1537 715 1584 (Δ)
729 1548 787 1572 ιον
799 1536 929 1585 (υσίου)
955 1537 1086 1574 Διονύ-

157 1609 212 1634 :no
226 1599 277 1646 (ν)
303 1597 364 1634 καὶ
383 1599 630 1647 Ἑρμόκριτον,
655 1599 711 1634 ὅτι
736 1600 773 1635 εἰ
788 1597 853 1644 (al)
879 1598 981 1635 καλοὶ
1009 1597 1070 1635 καὶ
1087 1626 1230 1644 ......
1269 1601 1324 1636 ita
1350 1602 1411 1642 ut,
1439 1600 1470 1635 si
1496 1600 1589 1635 hane
1614 1598 1766 1644 inscrip-

159 1658 313 1704 tionem,
340 1659 444 1695 cuins
470 1660 597 1695 tamen
622 1658 713 1695 fides
738 1659 810 1705 ipsi
835 1659 1019 1696 Boeckhio
1051 1659 1157 1696 valde
1184 1661 1352 1706 suspecta
1383 1658 1578 1696 videbatur
1602 1668 1766 1705 sequere-

157 1730 251 1762 mur,
278 1718 480 1766 Dionysius
505 1719 622 1755 maior
660 1729 734 1755 non
771 1721 913 1766 septem
951 1719 1015 1757 sed
1054 1722 1137 1757 octo
1176 1719 1310 1756 liberos
1348 1720 1583 1766 procreasset,
1623 1720 1663 1754 et
1699 1717 1766 1753 hac

157 1778 307 1829 quidem
346 1790 385 1815 re
423 1778 681 1816 documentum
720 1778 936 1816 haberemus
975 1781 1185 1816 sententiae
1223 1779 1371 1817 Aeliani
1397 1779 1461 1823 VI,
1489 1781 1534 1816 12
1561 1781 1600 1815 et
1625 1778 1766 1815 Justini

156 1839 259 1882 XXI,
288 1840 320 1882 1,
361 1840 425 1886 qui
451 1839 521 1876 soli
546 1838 653 1876 nobis
678 1839 833 1876 tradunt
858 1841 1079 1888 Dionysium
1104 1842 1275 1878 fratres
1308 1840 1553 1883 interfecisse,
1593 1839 1766 1887 quoniam

156 1899 335 1943 alias-id,
376 1898 471 1947 quod
497 1900 556 1936 illi
583 1900 654 1937 viri
679 1899 931 1944 affirmarunt,
971 1902 1070 1938 omni
1109 1903 1327 1947 argumento
1365 1903 1485 1944 caret,
1525 1911 1636 1948 quum
1673 1898 1765 1935 satis

156 1962 301 1997 constet
326 1960 572 2008 Hipparinum
610 1962 649 1998 et
674 1960 860 2008 Nysaeum
897 1961 1050 2005 fratres,
1088 1964 1173 2010 post
1197 1963 1417 2010 Dionysium
1442 1962 1618 2014 maiorem
1642 1959 1765 2007 expul-

158 2033 238 2058 sum
265 2033 298 2058 a.
324 2022 408 2065 356,
449 2022 648 2059 etiamtum
674 2021 863 2069 Syracusis
901 2022 1138 2070 tyrannidem
1177 2023 1400 2065 obtinuisse,
1440 2022 1593 2069 ideoque
1618 2020 1765 2068 Apollo·

155 2084 275 2120 crates
301 2081 451 2120 frater
489 2083 588 2120 solus
626 2082 845 2120 interfectus
883 2094 960 2121 esse
996 2086 1137 2131 posset,
1177 2082 1222 2121 de
1248 2094 1319 2131 quo
1344 2094 1383 2120 re
1421 2094 1507 2120 vera
1543 2093 1607 2130 per
1632 2083 1765 2125 totum,

156 2144 252 2191 quod
278 2145 484 2180 insecutum
510 2146 569 2181 est
594 2146 759 2191 tempus,
798 2156 845 2181 ne
871 2156 943 2181 uno
970 2144 1118 2192 quidem
1156 2144 1266 2181 verbo
1302 2145 1442 2181 mentio
1468 2144 1523 2180 fit.
1573 2143 1669 2179 Nam
1695 2154 1765 2190 qno

154 2204 389 2251 potissimum
414 2206 523 2252 pacto
549 2204 714 2242 Plassius
740 2205 790 2242 H.
817 2216 851 2252 p.
879 2206 952 2242 240
990 2206 1030 2241 in
1056 2215 1214 2241 errorem
1253 2204 1413 2241 incidere
1437 2204 1600 2251 potuerit
1638 2203 1765 2241 confir-

156 2276 256 2302 mare
283 2263 391 2302 illum
417 2277 439 2302 a
464 2265 664 2303 Plutarcho
702 2266 742 2302 in
767 2265 886 2302 Dione
911 2277 941 2303 c.
968 2266 1014 2302 37
1041 2265 1311 2313 Apollocratem
1343 2265 1553 2309 laudatum,
1592 2266 1652 2302 cui
1676 2265 1764 2302 Dio-

156 2326 284 2372 nysius
316 2326 355 2360 in
387 2326 540 2361 Italiam
577 2326 809 2372 proficiscens
846 2336 964 2361 arcem
1002 2325 1172 2370 tradidit,
1213 2326 1367 2363 fratrem
1406 2326 1578 2373 Dionysii
1613 2325 1765 2361 minoris

155 2385 280 2429 fuisse,
298 2391 524 2433 quamquam
538 2386 569 2423 si
582 2387 707 2433 capita
720 2386 768 2423 37
782 2387 822 2422 et
834 2385 885 2423 50
900 2388 1164 2434 comparaveris
1177 2386 1300 2425 videre
1314 2387 1403 2425 licet
1420 2387 1524 2424 illum
1543 2387 1656 2424 fnisse
1673 2388 1765 2422 natu

155 2445 354 2484 maximum
371 2444 544 2494 Dionysii
570 2447 723 2484 minoris
740 2446 877 2489 filium,
904 2448 962 2483 cui
988 2447 1079 2484 item
1097 2459 1229 2484 nomen
1247 2451 1328 2484 erat
1343 2448 1607 2495 Apollocrates,
1632 2447 1764 2483 nescio.

255 2506 303 2554 ²¹)
329 2506 385 2544 Cf.
412 2506 520 2544 Diod.
547 2506 648 2551 XVI,
674 2508 709 2544 6.
736 2506 842 2544 Corn.
868 2506 961 2555 Nep.
987 2507 1096 2545 Dion.
1124 2519 1152 2545 c.
1178 2509 1212 2545 4.
1238 2508 1339 2545 Plut.
1365 2508 1463 2545 Dion
1489 2519 1517 2545 c.
1545 2508 1601 2545 14.

254 2567 302 2616 ²⁹)
328 2567 406 2605 Hoc
432 2568 510 2605 loco
535 2568 674 2605 iterum
698 2567 836 2605 bellum
862 2579 942 2605 cum
968 2568 1339 2616 Carthaginiensibus
1364 2570 1597 2613 memoratur,
1624 2568 1668 2606 de
1695 2580 1764 2616 quo

159 2627 256 2665 infra
281 2640 316 2675 p.
342 2629 390 2665 31
417 2629 626 2666 accuratius
652 2628 818 2671 disserui,

256 2688 304 2735 ²⁸)
330 2688 385 2726 Cf.
412 2689 514 2727 Plut.
540 2690 639 2727 Dion
665 2689 719 2733 11„
758 2688 822 2736 qui
849 2689 947 2726 solus
985 2701 1027 2727 ex
1053 2691 1222 2728 omnibus
1247 2690 1485 2739 scriptoribus
1511 2691 1605 2728 hanc
1630 2692 1765 2738 episto-

156 2750 231 2786 lam
257 2753 518 2787 commemorat
544 2752 657 2799 atque
683 2750 831 2787 omnino
857 2749 973 2787 fusius
998 2751 1130 2788 Dionis
1163 2753 1280 2789 vitam
1312 2752 1515 2799 descripsit.
1567 2751 1637 2788 Sed
1664 2752 1765 2797 equi-

158 2808 240 2847 dem
264 2811 356 2857 puto
382 2809 488 2848 illam
513 2821 586 2849 non
612 2822 635 2849 a
658 2811 778 2849 Dione
816 2820 894 2847 esse
927 2812 1165 2859 compositam
1202 2811 1267 2850 sed
1291 2813 1387 2850 sicut
1411 2814 1549 2861 postea,
1586 2812 1765 2859 Dionysio
