1916 3085
929 80 985 129 13

156 207 293 263 ribus,
349 208 420 266 qui
461 206 575 252 omni
615 208 738 253 modo
779 206 984 251 rationem
1024 206 1156 252 libere
1201 206 1244 251 et
1284 203 1480 262 agitandi
1520 202 1564 247 et
1603 200 1759 260 agendi

156 281 458 340 opprimerent,
492 294 537 326 eo
568 279 706 337 magis
737 279 1005 324 mercenariis
1036 292 1124 324 sese
1156 278 1413 336 dedebat55).
1478 277 1615 333 Quum
1647 277 1757 320 hunc

156 356 211 400 ad
241 355 367 399 finem
398 355 440 399 et
470 354 525 399 ad
556 354 669 398 bella
699 352 885 409 paranda
925 354 968 397 et
1004 353 1058 397 ad
1094 352 1323 410 magnifica
1362 351 1554 396 aedificia
1591 350 1758 408 magnis

158 427 302 485 egeret
331 427 532 484 pecuniis,
566 426 677 471 cives
704 424 983 483 vectigalibus
1004 425 1378 483 premebantur⁵⁶)‚
1412 425 1473 469 dii
1493 424 1575 482 ipsi
1596 437 1759 469 eorum-

157 515 235 557 que
266 501 424 558 templa
456 500 585 545 variis
616 498 820 543 adhibitis
850 499 975 542 malis
997 499 1103 543 dolis
1125 499 1366 554 artibusque
1387 498 1755 555 spoliabantur-²³⁷).

156 573 224 617 Ita
255 574 415 618 factum
447 573 534 625 est,
583 572 631 615 ut
671 571 877 628 regnandi
909 571 1142 627 cupiditate
1174 572 1248 615 ille
1280 572 1369 623 vir,
1414 571 1565 614 natura
1607 571 1757 615 eximio

158 646 377 689 exornatus
408 643 577 701 ingenio
591 677 601 697 ,
645 644 716 699 qui
753 657 797 687 re
838 657 938 687 vera
976 644 1118 699 populi
1156 644 1221 687 sui
1257 644 1378 698 pater
1407 657 1457 687 ac
1487 656 1636 699 parens
1668 643 1758 687 fieri

156 717 314 774 potuit,
357 716 499 760 omnia
537 715 677 759 studia
708 717 833 772 atque
864 717 1037 761 eventus
1058 716 1225 760 omnino
1253 716 1496 761 memoriam
1527 715 1759 772 impietatis

159 790 280 847 signo
311 789 507 846 signarit.

280 861 361 906 Sed
388 862 480 919 Jam
512 861 616 905 satis
649 861 699 905 de
732 861 820 905 eius
850 862 1036 906 moribus
1069 862 1229 906 dictum
1261 863 1374 918 puto,
1406 862 1575 905 redeam
1595 861 1649 904 ad
1672 861 1760 905 eius

159 934 365 991 regnandi
396 934 661 978 industriam.
726 933 864 989 Quum
896 935 941 978 in
971 935 1099 979 Italia
1138 936 1180 979 et
1211 934 1361 992 Illyria
1392 948 1520 979 novas
1551 934 1759 979 condidis-

158 1008 222 1052 set
252 1008 387 1061 urbes‚
422 1007 646 1064 Syracusas
677 1008 819 1050 autem
850 1007 1109 1064 longissimis
1140 1007 1274 1051 muris
1306 1007 1650 1051 circumdedisset
1670 1020 1759 1051 om—

158 1080 283 1137 nique
313 1080 435 1124 modo
473 1081 619 1125 urbem
656 1080 710 1124 ad
751 1094 962 1124 summum
1002 1080 1234 1137 splendoris
1272 1080 1495 1137 fastigium
1535 1080 1759 1136 perducere

160 1153 358 1206 studeret,
390 1153 567 1209 pecunia
599 1154 853 1206 defficiente,
896 1166 933 1196 a.
958 1153 1047 1196 384
1068 1153 1149 1196 iter
1182 1153 1364 1208 suscepit
1396 1154 1541 1196 contra
1561 1154 1759 1197 Etruscos

160 1225 332 1282 piratas,
365 1226 495 1279 unde,
530 1226 787 1270 Leucotheae
819 1226 915 1269 fano
947 1225 1122 1281 direpto,
1155 1224 1380 1281 Syracusas
1411 1225 1636 1269 immensos
1666 1226 1760 1269 the-

162 1311 304 1342 sauros
324 1298 502 1350 reduxit,
536 1298 686 1353 quibus
707 1299 838 1341 fretus
860 1298 1017 1341 Poenos
1038 1310 1204 1352 prorsus
1227 1310 1249 1340 e
1271 1297 1416 1341 Sicilia
1439 1298 1634 1354 ejiciendi
1665 1311 1761 1341 con-

163 1369 304 1414 silium
347 1370 535 1427 cepit58).
600 1370 650 1413 In
689 1370 844 1426 proelio
886 1370 940 1414 ad
981 1368 1137 1413 Cabala
1178 1370 1397 1414 commisso
1434 1383 1470 1413 a.
1512 1371 1601 1414 383
1632 1371 1761 1415 Poeni

163 1442 259 1496 fusi,
292 1443 380 1499 ipso
411 1443 591 1500 Magone
624 1443 726 1487 duce
757 1456 892 1495 caeso,
926 1455 1069 1499 pacem
1100 1443 1357 1499 petiverunt;
1398 1443 1471 1487 sed
1502 1457 1629 1500 quum
1660 1444 1762 1489 Dio-

162 1516 319 1574 nysius,
352 1517 400 1560 ut
432 1529 454 1560 e
485 1517 573 1561 tota
605 1516 751 1561 Sicilia
784 1516 1031 1561 decederent
1061 1517 1312 1573 postularet,
1356 1517 1422 1561 illi
1448 1517 1642 1575 Magonis
1673 1517 1761 1563 filio

163 1590 267 1634 duce
298 1603 392 1634 eum
422 1590 478 1634 ad
510 1589 708 1634 Cronium
739 1590 944 1648 aggressi,
976 1590 1152 1646 Leptine
1183 1591 1314 1634 fratre
1346 1591 1605 1644 obtruncato,
1639 1592 1760 1635 tanta

162 1662 391 1707 affecerunt
412 1663 543 1716 clade,
575 1664 624 1706 ut
649 1676 729 1719 pax
749 1663 869 1707 fieret
890 1677 938 1708 ea
959 1662 1207 1716 conditione,
1239 1663 1288 1706 ut
1308 1663 1487 1719 utrique,
1520 1677 1624 1719 quae
1645 1664 1760 1720 prius

161 1735 419 1789 habuissent,
451 1735 693 1789 retinerent,
729 1736 1056 1780 Selinuntiorum
1084 1736 1224 1779 autem
1245 1736 1345 1779 urbs
1368 1736 1410 1779 et
1430 1736 1525 1792 agri
1549 1737 1761 1794 Agrigen-

161 1807 278 1864 tique
308 1808 410 1852 fines
442 1809 494 1852 ad
516 1809 726 1866 Halycum
758 1822 885 1865 usque
916 1809 1070 1852 fiumen
1101 1808 1177 1852 sub
1201 1809 1431 1852 Poenorum
1451 1810 1562 1853 esset
1589 1810 1759 1865 ditione,

163 1881 280 1924 mille
311 1880 479 1937 insuper
509 1882 671 1925 talenta
702 1882 928 1938 Dionysius
960 1882 1217 1938 solveret-³2⁹).

163 2051 211 2087 20
235 2062 288 2098 sq.
321 2050 402 2088 Val.
429 2050 524 2088 Max'.
556 2050 622 2094 IX,
650 2052 706 2088 13.
748 2050 858 2087 Plato
895 2050 1002 2098 epist.
1042 2049 1125 2088 VII.
1150 2051 1223 2088 332
1248 2049 1292 2087 D.
1335 2049 1408 2088 Cic.
1442 2050 1486 2087 de
1518 2051 1612 2088 offic.
1647 2051 1698 2096 ΙῙ,
1726 2052 1759 2090 7.

163 2110 273 2148 Philo
298 2111 382 2148 Jud.
409 2111 465 2149 ed.
491 2111 616 2158 Mang.
641 2111 693 2156 II,
718 2123 752 2159 p.
779 2112 860 2149 639.

259 2173 307 2220 55)
333 2173 389 2210 Cf.
415 2172 521 2210 Diod.
549 2173 648 2217 XIV,
675 2174 709 2217 9,
737 2173 794 2217 15,
820 2173 879 2217 48,
909 2173 964 2210 75.
991 2173 1155 2220 Xenoph.
1180 2173 1276 2210 Hell.
1304 2173 1389 2217 VII,
1419 2175 1451 2218 1,
1478 2175 1535 2211 20.
1562 2174 1643 2212 Val.
1662 2176 1758 2213 Max.

162 2232 227 2277 IX,
255 2235 311 2270 13.
338 2234 411 2272 Cic.
438 2234 529 2282 disp.
556 2234 659 2272 Tusc.
685 2235 729 2278 V,
756 2236 814 2272 22.

260 2294 308 2340 58)
334 2294 388 2331 Cf.
414 2294 569 2331 Aristot.
595 2295 672 2332 Pol.
699 2295 743 2340 V,
770 2297 803 2332 9.
830 2296 864 2331 5.
890 2296 1017 2332 Justin
1043 2296 1144 2339 XXI,
1174 2298 1205 2333 1.
1232 2295 1387 2333 Aristot.
1405 2295 1535 2334 Oecon.
1554 2297 1604 2340 H,
1623 2297 1682 2341 21,
1701 2298 1759 2334 22.

163 2353 262 2391 Plut.
287 2353 471 2401 Apophth.
497 2366 525 2392 c.
552 2356 586 2392 5.

261 2415 308 2462 5”)
334 2414 389 2452 Cf
415 2415 546 2452 Aelian
573 2428 605 2452 v.
631 2417 667 2453 h.
693 2417 725 2460 I,
751 2418 810 2454 20.
848 2417 1011 2464 Polyaen
1037 2420 1144 2455 strat.
1171 2418 1214 2461 V,
1242 2419 1275 2461 2,
1305 2419 1361 2455 18.
1401 2419 1503 2455 Lact.
1530 2417 1645 2456 divin.
1672 2420 1759 2456 inst.

164 2476 214 2520 ΙΙ,
239 2476 264 2512 4
288 2488 322 2523 p.
351 2477 419 2513 127
452 2476 507 2513 ed.
533 2477 702 2515 Dufresn.
742 2476 815 2515 Cic.
849 2478 892 2514 de
924 2480 1001 2515 nat.
1040 2478 1146 2515 Deor.
1172 2480 1242 2522 III,
1269 2480 1327 2516 34.
1367 2480 1448 2516 Val.
1474 2480 1569 2516 Max.
1595 2480 1626 2524 Ι,
1654 2482 1687 2524 1,
1713 2482 1762 2518 20

164 2540 253 2574 extr.
280 2539 314 2575 3.
340 2537 476 2576 Athen.
503 2538 581 2576 XV.
607 2550 641 2586 p.
670 2540 752 2577 693.
777 2539 934 2587 Aristot.
962 2539 1092 2576 Oecon.
1119 2541 1158 2577 ll
1187 2541 1318 2578 Strabo
1344 2541 1388 2584 V,
1415 2543 1449 2584 2,
1476 2543 1510 2578 8.

261 2599 307 2645 58)
333 2598 388 2635 Of.
414 2599 520 2636 Diod.
547 2600 625 2644 XV,
654 2600 807 2649 13—14.
833 2600 965 2637 Aelian
991 2612 1025 2637 v.
1051 2601 1087 2638 h.
1113 2602 1143 2645 I,
1170 2603 1227 2638 20.
1253 2602 1416 2649 Polyaen
1442 2603 1549 2639 strat.
1576 2601 1620 2646 V,
1647 2604 1682 2646 2,
1701 2603 1760 2640 21.

163 2660 317 2697 Aristot.
344 2659 473 2698 Oeeon.
500 2662 557 2698 21.
583 2663 623 2698 et
648 2661 779 2699 Strabo
805 2662 849 2706 V,
874 2663 909 2705 4,
935 2663 974 2706 23
1001 2662 1045 2706 V,
1071 2664 1106 2700 2.

262 2720 309 2767 ⁵⁹)
335 2719 390 2757 cf.
417 2721 524 2758 Diod.
551 2722 631 2765 XV,
651 2723 804 2760 15-17.
831 2722 1034 2760 Comment.
1060 2724 1203 2760 Aeneae
1229 2724 1380 2760 Poliorc.
1407 2723 1461 2760 ed.
1480 2723 1635 2761 Casaub.
1654 2736 1682 2761 c.
1703 2727 1760 2761 11.

163 2781 295 2821 Aelian
320 2792 354 2818 v.
379 2781 415 2818 h.
442 2782 548 2826 XIII,
574 2783 634 2826 45,
674 2795 781 2831 quem
806 2783 901 2820 falso
939 2784 1168 2821 confirmasse
1189 2785 1393 2832 -Leptinem
1430 2796 1503 2822 non
1528 2786 1648 2822 invito
1673 2785 1761 2822 Dio-

163 2843 268 2892 nysio
294 2845 333 2881 et
358 2843 397 2880 in
422 2844 558 2892 proelio
584 2845 710 2882 navali
735 2844 905 2882 cecidisse
930 2845 1092 2883 Niehues
1117 2858 1151 2895 p.
1179 2847 1224 2884 68
1250 2844 1529 2884 demonstravit.
