<?xml version="1.0" encoding="UTF-8"?>
<!DOCTYPE html PUBLIC "-//W3C//DTD XHTML 1.0 Transitional//EN"
    "http://www.w3.org/TR/xhtml1/DTD/xhtml1-transitional.dtd">
<html xmlns="http://www.w3.org/1999/xhtml" xml:lang="en" lang="en">
 <head>
  <title>
</title>
<meta http-equiv="Content-Type" content="text/html;charset=utf-8" />
  <meta name='ocr-system' content='tesseract 3.04.00' />
  <meta name='ocr-capabilities' content='ocr_page ocr_carea ocr_par ocr_line ocrx_word'/>
</head>
<body>
  <div class='ocr_page' id='page_1' title='image "4737214_0018.png"; bbox 0 0 1916 3085; ppageno 0'>
   <div class='ocr_carea' id='block_1_1' title="bbox 924 101 980 147">
    <p class='ocr_par' dir='ltr' id='par_1_1' title="bbox 924 101 980 147">
     <span class='ocr_line' id='line_1_1' title="bbox 924 101 980 147; baseline -0.018 0"><span class='ocrx_word' id='word_1_1' title='bbox 924 101 980 147; x_wconf 82' lang='lat' dir='ltr'>lo</span> 
     </span>
    </p>
   </div>
   <div class='ocr_carea' id='block_1_2' title="bbox 145 220 1755 2174">
    <p class='ocr_par' dir='ltr' id='par_1_2' title="bbox 145 220 1755 1664">
     <span class='ocr_line' id='line_1_2' title="bbox 148 220 1753 282; baseline 0.002 -16"><span class='ocrx_word' id='word_1_2' title='bbox 148 232 244 265; x_wconf 89' lang='lat' dir='ltr'>cum</span> <span class='ocrx_word' id='word_1_3' title='bbox 277 220 458 267; x_wconf 84' lang='lat' dir='ltr'>exercitu</span> <span class='ocrx_word' id='word_1_4' title='bbox 491 236 587 267; x_wconf 88' lang='lat' dir='ltr'>vere</span> <span class='ocrx_word' id='word_1_5' title='bbox 618 236 654 267; x_wconf 88' lang='lat' dir='ltr'>a.</span> <span class='ocrx_word' id='word_1_6' title='bbox 690 223 778 268; x_wconf 84' lang='lat'>397</span> <span class='ocrx_word' id='word_1_7' title='bbox 816 227 861 267; x_wconf 89' lang='lat' dir='ltr'>1n</span> <span class='ocrx_word' id='word_1_8' title='bbox 892 222 1064 281; x_wconf 90' lang='lat' dir='ltr'>Motyen</span> <span class='ocrx_word' id='word_1_9' title='bbox 1101 224 1306 281; x_wconf 88' lang='lat' dir='ltr'>impetum</span> <span class='ocrx_word' id='word_1_10' title='bbox 1345 223 1465 279; x_wconf 87' lang='lat' dir='ltr'>fecit,</span> <span class='ocrx_word' id='word_1_11' title='bbox 1510 235 1615 282; x_wconf 85' lang='lat' dir='ltr'>quae</span> <span class='ocrx_word' id='word_1_12' title='bbox 1653 223 1753 269; x_wconf 88' lang='lat' dir='ltr'>urbs</span> 
     </span>
     <span class='ocr_line' id='line_1_3' title="bbox 148 295 1753 353; baseline 0.002 -15"><span class='ocrx_word' id='word_1_13' title='bbox 148 295 261 339; x_wconf 86' lang='lat' dir='ltr'>terra</span> <span class='ocrx_word' id='word_1_14' title='bbox 293 297 481 352; x_wconf 85' lang='lat' dir='ltr'>marique</span> <span class='ocrx_word' id='word_1_15' title='bbox 512 296 678 340; x_wconf 89' lang='lat' dir='ltr'>obsessa</span> <span class='ocrx_word' id='word_1_16' title='bbox 709 297 802 352; x_wconf 86' lang='lat' dir='ltr'>post</span> <span class='ocrx_word' id='word_1_17' title='bbox 824 310 1030 341; x_wconf 85' lang='lat' dir='ltr'>summam</span> <span class='ocrx_word' id='word_1_18' title='bbox 1052 298 1253 341; x_wconf 86' lang='lat' dir='ltr'>virtutem</span> <span class='ocrx_word' id='word_1_19' title='bbox 1274 298 1476 353; x_wconf 86' lang='lat' dir='ltr'>occupata</span> <span class='ocrx_word' id='word_1_20' title='bbox 1498 299 1573 342; x_wconf 88' lang='lat' dir='ltr'>est.</span> <span class='ocrx_word' id='word_1_21' title='bbox 1614 297 1753 353; x_wconf 85' lang='lat' dir='ltr'>Atque</span> 
     </span>
     <span class='ocr_line' id='line_1_4' title="bbox 147 369 1751 429; baseline 0.002 -19"><span class='ocrx_word' id='word_1_22' title='bbox 147 380 303 424; x_wconf 87' lang='lat' dir='ltr'>magna</span> <span class='ocrx_word' id='word_1_23' title='bbox 334 369 490 412; x_wconf 80' lang='lat' dir='ltr'>civium</span> <span class='ocrx_word' id='word_1_24' title='bbox 523 369 641 412; x_wconf 90' lang='lat' dir='ltr'>clade</span> <span class='ocrx_word' id='word_1_25' title='bbox 673 370 788 413; x_wconf 83' lang='lat' dir='ltr'>facta</span> <span class='ocrx_word' id='word_1_26' title='bbox 819 370 1045 426; x_wconf 88' lang='lat' dir='ltr'>Dionysius</span> <span class='ocrx_word' id='word_1_27' title='bbox 1078 370 1302 427; x_wconf 83' lang='lat' dir='ltr'>Syracusas</span> <span class='ocrx_word' id='word_1_28' title='bbox 1333 370 1541 429; x_wconf 70' lang='lat' dir='ltr'>1·ediit4¹).</span> <span class='ocrx_word' id='word_1_29' title='bbox 1577 370 1668 426; x_wconf 81' lang='lat' dir='ltr'>Qua</span> <span class='ocrx_word' id='word_1_30' title='bbox 1700 370 1751 414; x_wconf 90' lang='lat' dir='ltr'>de</span> 
     </span>
     <span class='ocr_line' id='line_1_5' title="bbox 148 441 1753 499; baseline 0.003 -16"><span class='ocrx_word' id='word_1_31' title='bbox 148 452 192 483; x_wconf 91' lang='lat' dir='ltr'>re</span> <span class='ocrx_word' id='word_1_32' title='bbox 225 441 421 484; x_wconf 79' lang='lat' dir='ltr'>certiores</span> <span class='ocrx_word' id='word_1_33' title='bbox 453 441 558 485; x_wconf 87' lang='lat' dir='ltr'>facti</span> <span class='ocrx_word' id='word_1_34' title='bbox 590 441 720 485; x_wconf 82' lang='lat' dir='ltr'>Poeni</span> <span class='ocrx_word' id='word_1_35' title='bbox 751 456 847 486; x_wconf 86' lang='lat' dir='ltr'>vere</span> <span class='ocrx_word' id='word_1_36' title='bbox 886 456 922 485; x_wconf 87' lang='lat' dir='ltr'>a.</span> <span class='ocrx_word' id='word_1_37' title='bbox 964 443 1051 486; x_wconf 86' lang='lat'>396</span> <span class='ocrx_word' id='word_1_38' title='bbox 1091 456 1215 498; x_wconf 87' lang='lat' dir='ltr'>quam</span> <span class='ocrx_word' id='word_1_39' title='bbox 1253 443 1446 487; x_wconf 85' lang='lat' dir='ltr'>maximis</span> <span class='ocrx_word' id='word_1_40' title='bbox 1486 444 1613 499; x_wconf 91' lang='lat' dir='ltr'>copiis</span> <span class='ocrx_word' id='word_1_41' title='bbox 1655 457 1753 488; x_wconf 89' lang='lat' dir='ltr'>con-</span> 
     </span>
     <span class='ocr_line' id='line_1_6' title="bbox 149 514 1753 573; baseline 0.002 -18"><span class='ocrx_word' id='word_1_42' title='bbox 149 514 316 568; x_wconf 74' lang='lat' dir='ltr'>scriptis</span> <span class='ocrx_word' id='word_1_43' title='bbox 349 527 398 556; x_wconf 91' lang='lat' dir='ltr'>ac</span> <span class='ocrx_word' id='word_1_44' title='bbox 431 526 597 557; x_wconf 88' lang='lat' dir='ltr'>summa</span> <span class='ocrx_word' id='word_1_45' title='bbox 637 515 768 558; x_wconf 86' lang='lat' dir='ltr'>classe</span> <span class='ocrx_word' id='word_1_46' title='bbox 806 515 1033 567; x_wconf 86' lang='lat' dir='ltr'>exstructa,</span> <span class='ocrx_word' id='word_1_47' title='bbox 1074 528 1174 571; x_wconf 92' lang='lat' dir='ltr'>quos</span> <span class='ocrx_word' id='word_1_48' title='bbox 1212 516 1437 573; x_wconf 88' lang='lat' dir='ltr'>Dionysius</span> <span class='ocrx_word' id='word_1_49' title='bbox 1480 515 1607 571; x_wconf 86' lang='lat' dir='ltr'>priori</span> <span class='ocrx_word' id='word_1_50' title='bbox 1646 528 1753 560; x_wconf 90' lang='lat' dir='ltr'>anno</span> 
     </span>
     <span class='ocr_line' id='line_1_7' title="bbox 148 587 1753 645; baseline 0.002 -16"><span class='ocrx_word' id='word_1_51' title='bbox 148 587 362 631; x_wconf 89' lang='lat' dir='ltr'>assecutus</span> <span class='ocrx_word' id='word_1_52' title='bbox 396 587 487 631; x_wconf 88' lang='lat' dir='ltr'>erat</span> <span class='ocrx_word' id='word_1_53' title='bbox 519 601 734 632; x_wconf 84' lang='lat' dir='ltr'>successus</span> <span class='ocrx_word' id='word_1_54' title='bbox 766 588 905 632; x_wconf 90' lang='lat' dir='ltr'>irritos</span> <span class='ocrx_word' id='word_1_55' title='bbox 936 588 1231 642; x_wconf 79' lang='lat' dir='ltr'>reddiderunt,</span> <span class='ocrx_word' id='word_1_56' title='bbox 1258 603 1399 645; x_wconf 91' lang='lat' dir='ltr'>quum,</span> <span class='ocrx_word' id='word_1_57' title='bbox 1433 589 1564 645; x_wconf 84' lang='lat' dir='ltr'>Eryce</span> <span class='ocrx_word' id='word_1_58' title='bbox 1593 589 1753 645; x_wconf 88' lang='lat' dir='ltr'>Motye-</span> 
     </span>
     <span class='ocr_line' id='line_1_8' title="bbox 148 660 1752 717; baseline 0.002 -16"><span class='ocrx_word' id='word_1_59' title='bbox 148 672 226 714; x_wconf 92' lang='lat' dir='ltr'>que</span> <span class='ocrx_word' id='word_1_60' title='bbox 258 660 384 702; x_wconf 83' lang='lat' dir='ltr'>facile</span> <span class='ocrx_word' id='word_1_61' title='bbox 416 661 673 716; x_wconf 83' lang='lat' dir='ltr'>recuperatis</span> <span class='ocrx_word' id='word_1_62' title='bbox 711 661 984 716; x_wconf 89' lang='lat' dir='ltr'>Messanaque</span> <span class='ocrx_word' id='word_1_63' title='bbox 1022 661 1124 704; x_wconf 89' lang='lat' dir='ltr'>urbe</span> <span class='ocrx_word' id='word_1_64' title='bbox 1162 662 1285 717; x_wconf 88' lang='lat' dir='ltr'>capta</span> <span class='ocrx_word' id='word_1_65' title='bbox 1321 674 1370 705; x_wconf 89' lang='lat' dir='ltr'>ac</span> <span class='ocrx_word' id='word_1_66' title='bbox 1410 661 1569 714; x_wconf 90' lang='lat' dir='ltr'>diruta,</span> <span class='ocrx_word' id='word_1_67' title='bbox 1615 660 1752 708; x_wconf 82' lang='lat' dir='ltr'>castra</span> 
     </span>
     <span class='ocr_line' id='line_1_9' title="bbox 146 733 1753 791; baseline 0.001 -15"><span class='ocrx_word' id='word_1_68' title='bbox 146 733 191 776; x_wconf 88' lang='lat' dir='ltr'>in</span> <span class='ocrx_word' id='word_1_69' title='bbox 224 733 486 790; x_wconf 86' lang='lat' dir='ltr'>Dionysium,</span> <span class='ocrx_word' id='word_1_70' title='bbox 521 735 638 778; x_wconf 82' lang='lat' dir='ltr'>cuius</span> <span class='ocrx_word' id='word_1_71' title='bbox 672 735 875 778; x_wconf 81' lang='lat' dir='ltr'>exercitus</span> <span class='ocrx_word' id='word_1_72' title='bbox 905 734 1148 779; x_wconf 85' lang='lat' dir='ltr'>Sicanorum</span> <span class='ocrx_word' id='word_1_73' title='bbox 1176 735 1490 791; x_wconf 85' lang='lat' dir='ltr'>Siculorumque</span> <span class='ocrx_word' id='word_1_74' title='bbox 1523 735 1753 779; x_wconf 83' lang='lat' dir='ltr'>defectione</span> 
     </span>
     <span class='ocr_line' id='line_1_10' title="bbox 146 806 1752 863; baseline 0.001 -16"><span class='ocrx_word' id='word_1_75' title='bbox 146 806 270 848; x_wconf 86' lang='lat' dir='ltr'>valde</span> <span class='ocrx_word' id='word_1_76' title='bbox 304 806 545 850; x_wconf 75' lang='lat' dir='ltr'>deminutus</span> <span class='ocrx_word' id='word_1_77' title='bbox 579 808 789 862; x_wconf 85' lang='lat' dir='ltr'>servisque</span> <span class='ocrx_word' id='word_1_78' title='bbox 822 807 1090 850; x_wconf 86' lang='lat' dir='ltr'>manumissis</span> <span class='ocrx_word' id='word_1_79' title='bbox 1123 808 1340 863; x_wconf 90' lang='lat' dir='ltr'>suppletus</span> <span class='ocrx_word' id='word_1_80' title='bbox 1362 808 1544 863; x_wconf 91' lang='lat' dir='ltr'>primum</span> <span class='ocrx_word' id='word_1_81' title='bbox 1566 807 1620 850; x_wconf 87' lang='lat' dir='ltr'>ad</span> <span class='ocrx_word' id='word_1_82' title='bbox 1643 806 1752 850; x_wconf 88' lang='lat' dir='ltr'>Tau-</span> 
     </span>
     <span class='ocr_line' id='line_1_11' title="bbox 145 880 1752 936; baseline 0.001 -14"><span class='ocrx_word' id='word_1_83' title='bbox 145 892 240 923; x_wconf 90' lang='lat' dir='ltr'>rum</span> <span class='ocrx_word' id='word_1_84' title='bbox 273 880 458 923; x_wconf 91' lang='lat' dir='ltr'>montem</span> <span class='ocrx_word' id='word_1_85' title='bbox 491 880 641 924; x_wconf 90' lang='lat' dir='ltr'>deinde</span> <span class='ocrx_word' id='word_1_86' title='bbox 672 880 727 924; x_wconf 89' lang='lat' dir='ltr'>ad</span> <span class='ocrx_word' id='word_1_87' title='bbox 756 880 959 924; x_wconf 86' lang='lat' dir='ltr'>Catanam</span> <span class='ocrx_word' id='word_1_88' title='bbox 991 881 1129 924; x_wconf 87' lang='lat' dir='ltr'>castra</span> <span class='ocrx_word' id='word_1_89' title='bbox 1150 881 1308 936; x_wconf 86' lang='lat' dir='ltr'>posuit,</span> <span class='ocrx_word' id='word_1_90' title='bbox 1341 881 1556 924; x_wconf 90' lang='lat' dir='ltr'>moverent</span> <span class='ocrx_word' id='word_1_91' title='bbox 1578 894 1752 935; x_wconf 89' lang='lat' dir='ltr'>eumque</span> 
     </span>
     <span class='ocr_line' id='line_1_12' title="bbox 146 952 1750 1010; baseline 0.001 -16"><span class='ocrx_word' id='word_1_92' title='bbox 146 964 312 995; x_wconf 89' lang='lat' dir='ltr'>summa</span> <span class='ocrx_word' id='word_1_93' title='bbox 344 952 464 1000; x_wconf 86' lang='lat' dir='ltr'>clade</span> <span class='ocrx_word' id='word_1_94' title='bbox 496 953 697 996; x_wconf 81' lang='lat' dir='ltr'>affectum</span> <span class='ocrx_word' id='word_1_95' title='bbox 720 953 1023 1010; x_wconf 89' lang='lat' dir='ltr'>Syracusasque</span> <span class='ocrx_word' id='word_1_96' title='bbox 1055 954 1339 1005; x_wconf 85' lang='lat' dir='ltr'>festinantem,</span> <span class='ocrx_word' id='word_1_97' title='bbox 1373 954 1486 1010; x_wconf 85' lang='lat' dir='ltr'>agris</span> <span class='ocrx_word' id='word_1_98' title='bbox 1509 952 1750 1005; x_wconf 89' lang='lat' dir='ltr'>devastatis,</span> 
     </span>
     <span class='ocr_line' id='line_1_13' title="bbox 145 1025 1752 1081; baseline 0 -14"><span class='ocrx_word' id='word_1_99' title='bbox 145 1025 259 1068; x_wconf 86' lang='lat' dir='ltr'>terra</span> <span class='ocrx_word' id='word_1_100' title='bbox 288 1025 477 1081; x_wconf 88' lang='lat' dir='ltr'>marique</span> <span class='ocrx_word' id='word_1_101' title='bbox 509 1026 722 1070; x_wconf 88' lang='lat' dir='ltr'>obsessum</span> <span class='ocrx_word' id='word_1_102' title='bbox 754 1027 957 1070; x_wconf 86' lang='lat' dir='ltr'>tenerent.</span> <span class='ocrx_word' id='word_1_103' title='bbox 1024 1026 1105 1070; x_wconf 86' lang='lat' dir='ltr'>Sed</span> <span class='ocrx_word' id='word_1_104' title='bbox 1137 1040 1265 1081; x_wconf 90' lang='lat' dir='ltr'>quum</span> <span class='ocrx_word' id='word_1_105' title='bbox 1297 1026 1443 1069; x_wconf 91' lang='lat' dir='ltr'>urbem</span> <span class='ocrx_word' id='word_1_106' title='bbox 1475 1026 1642 1081; x_wconf 89' lang='lat' dir='ltr'>propter</span> <span class='ocrx_word' id='word_1_107' title='bbox 1663 1038 1752 1068; x_wconf 89' lang='lat' dir='ltr'>am-</span> 
     </span>
     <span class='ocr_line' id='line_1_14' title="bbox 146 1097 1752 1155; baseline 0.001 -15"><span class='ocrx_word' id='word_1_108' title='bbox 146 1097 398 1153; x_wconf 89' lang='lat' dir='ltr'>plitudinem</span> <span class='ocrx_word' id='word_1_109' title='bbox 432 1098 667 1142; x_wconf 84' lang='lat' dir='ltr'>arctissime</span> <span class='ocrx_word' id='word_1_110' title='bbox 700 1099 914 1143; x_wconf 87' lang='lat' dir='ltr'>includere</span> <span class='ocrx_word' id='word_1_111' title='bbox 952 1112 1032 1142; x_wconf 90' lang='lat' dir='ltr'>non</span> <span class='ocrx_word' id='word_1_112' title='bbox 1070 1099 1237 1155; x_wconf 84' lang='lat' dir='ltr'>possent</span> <span class='ocrx_word' id='word_1_113' title='bbox 1269 1099 1618 1155; x_wconf 83' lang='lat' dir='ltr'>Syracusanisque</span> <span class='ocrx_word' id='word_1_114' title='bbox 1649 1098 1752 1142; x_wconf 86' lang='lat' dir='ltr'>satis</span> 
     </span>
     <span class='ocr_line' id='line_1_15' title="bbox 147 1171 1751 1228; baseline 0.001 -15"><span class='ocrx_word' id='word_1_115' title='bbox 147 1171 401 1214; x_wconf 88' lang='lat' dir='ltr'>commeatus</span> <span class='ocrx_word' id='word_1_116' title='bbox 434 1172 558 1227; x_wconf 88' lang='lat' dir='ltr'>atque</span> <span class='ocrx_word' id='word_1_117' title='bbox 591 1172 794 1216; x_wconf 82' lang='lat' dir='ltr'>auxilium</span> <span class='ocrx_word' id='word_1_118' title='bbox 827 1173 1060 1228; x_wconf 87' lang='lat' dir='ltr'>supportari</span> <span class='ocrx_word' id='word_1_119' title='bbox 1092 1173 1243 1227; x_wconf 91' lang='lat' dir='ltr'>posset,</span> <span class='ocrx_word' id='word_1_120' title='bbox 1278 1173 1388 1216; x_wconf 82' lang='lat' dir='ltr'>cives</span> <span class='ocrx_word' id='word_1_121' title='bbox 1419 1172 1573 1215; x_wconf 88' lang='lat' dir='ltr'>animis</span> <span class='ocrx_word' id='word_1_122' title='bbox 1605 1171 1751 1214; x_wconf 88' lang='lat' dir='ltr'>erectis</span> 
     </span>
     <span class='ocr_line' id='line_1_16' title="bbox 146 1243 1752 1302; baseline 0.001 -15"><span class='ocrx_word' id='word_1_123' title='bbox 146 1244 302 1288; x_wconf 88' lang='lat' dir='ltr'>crebris</span> <span class='ocrx_word' id='word_1_124' title='bbox 335 1245 621 1301; x_wconf 90' lang='lat' dir='ltr'>eruptionibus</span> <span class='ocrx_word' id='word_1_125' title='bbox 653 1245 815 1289; x_wconf 88' lang='lat' dir='ltr'>hostem</span> <span class='ocrx_word' id='word_1_126' title='bbox 848 1246 1049 1302; x_wconf 81' lang='lat' dir='ltr'>aggressi,</span> <span class='ocrx_word' id='word_1_127' title='bbox 1082 1245 1327 1301; x_wconf 87' lang='lat' dir='ltr'>praesertim</span> <span class='ocrx_word' id='word_1_128' title='bbox 1359 1258 1484 1301; x_wconf 89' lang='lat' dir='ltr'>quum</span> <span class='ocrx_word' id='word_1_129' title='bbox 1507 1245 1548 1288; x_wconf 92' lang='lat' dir='ltr'>et</span> <span class='ocrx_word' id='word_1_130' title='bbox 1579 1243 1752 1288; x_wconf 89' lang='lat' dir='ltr'>aestatis</span> 
     </span>
     <span class='ocr_line' id='line_1_17' title="bbox 147 1316 1752 1375; baseline 0.001 -17"><span class='ocrx_word' id='word_1_131' title='bbox 147 1316 294 1360; x_wconf 86' lang='lat' dir='ltr'>ardore</span> <span class='ocrx_word' id='word_1_132' title='bbox 326 1318 371 1360; x_wconf 88' lang='lat' dir='ltr'>et</span> <span class='ocrx_word' id='word_1_133' title='bbox 402 1318 611 1372; x_wconf 90' lang='lat' dir='ltr'>imprimis</span> <span class='ocrx_word' id='word_1_134' title='bbox 644 1318 771 1361; x_wconf 86' lang='lat' dir='ltr'>variis</span> <span class='ocrx_word' id='word_1_135' title='bbox 804 1318 1040 1361; x_wconf 90' lang='lat' dir='ltr'>hominibus</span> <span class='ocrx_word' id='word_1_136' title='bbox 1073 1318 1254 1373; x_wconf 91' lang='lat' dir='ltr'>undique</span> <span class='ocrx_word' id='word_1_137' title='bbox 1286 1318 1551 1375; x_wconf 71' lang='lat' dir='ltr'>congregatis</span> <span class='ocrx_word' id='word_1_138' title='bbox 1583 1318 1627 1360; x_wconf 90' lang='lat' dir='ltr'>in</span> <span class='ocrx_word' id='word_1_139' title='bbox 1647 1318 1752 1361; x_wconf 91' lang='lat' dir='ltr'>Poe-</span> 
     </span>
     <span class='ocr_line' id='line_1_18' title="bbox 146 1390 1752 1446; baseline 0.001 -14"><span class='ocrx_word' id='word_1_140' title='bbox 146 1401 295 1432; x_wconf 90' lang='lat' dir='ltr'>norum</span> <span class='ocrx_word' id='word_1_141' title='bbox 328 1390 476 1433; x_wconf 88' lang='lat' dir='ltr'>castris</span> <span class='ocrx_word' id='word_1_142' title='bbox 509 1390 602 1433; x_wconf 89' lang='lat' dir='ltr'>dira</span> <span class='ocrx_word' id='word_1_143' title='bbox 621 1390 863 1445; x_wconf 89' lang='lat' dir='ltr'>pestilentia</span> <span class='ocrx_word' id='word_1_144' title='bbox 891 1391 1131 1443; x_wconf 82' lang='lat' dir='ltr'>exoriretur,</span> <span class='ocrx_word' id='word_1_145' title='bbox 1165 1391 1407 1435; x_wconf 90' lang='lat' dir='ltr'>Imilconem</span> <span class='ocrx_word' id='word_1_146' title='bbox 1431 1391 1545 1434; x_wconf 89' lang='lat' dir='ltr'>terra</span> <span class='ocrx_word' id='word_1_147' title='bbox 1566 1391 1752 1446; x_wconf 88' lang='lat' dir='ltr'>marique</span> 
     </span>
     <span class='ocr_line' id='line_1_19' title="bbox 147 1461 1752 1518; baseline 0.001 -14"><span class='ocrx_word' id='word_1_148' title='bbox 147 1461 417 1517; x_wconf 86' lang='lat' dir='ltr'>profligatum</span> <span class='ocrx_word' id='word_1_149' title='bbox 450 1475 497 1506; x_wconf 88' lang='lat' dir='ltr'>ac</span> <span class='ocrx_word' id='word_1_150' title='bbox 528 1462 669 1506; x_wconf 88' lang='lat' dir='ltr'>fusum</span> <span class='ocrx_word' id='word_1_151' title='bbox 693 1476 738 1506; x_wconf 92' lang='lat' dir='ltr'>eo</span> <span class='ocrx_word' id='word_1_152' title='bbox 766 1462 1042 1515; x_wconf 80' lang='lat' dir='ltr'>adduxerunt,</span> <span class='ocrx_word' id='word_1_153' title='bbox 1075 1464 1136 1515; x_wconf 91' lang='lat' dir='ltr'>ut,</span> <span class='ocrx_word' id='word_1_154' title='bbox 1171 1464 1290 1507; x_wconf 91' lang='lat' dir='ltr'>sociis</span> <span class='ocrx_word' id='word_1_155' title='bbox 1312 1464 1414 1506; x_wconf 91' lang='lat' dir='ltr'>belli</span> <span class='ocrx_word' id='word_1_156' title='bbox 1435 1462 1591 1518; x_wconf 87' lang='lat' dir='ltr'>perfide</span> <span class='ocrx_word' id='word_1_157' title='bbox 1614 1462 1752 1506; x_wconf 88' lang='lat' dir='ltr'>deser-</span> 
     </span>
     <span class='ocr_line' id='line_1_20' title="bbox 146 1533 1755 1592; baseline 0.002 -16"><span class='ocrx_word' id='word_1_158' title='bbox 146 1533 216 1585; x_wconf 88' lang='lat' dir='ltr'>tis,</span> <span class='ocrx_word' id='word_1_159' title='bbox 251 1547 345 1577; x_wconf 89' lang='lat' dir='ltr'>cum</span> <span class='ocrx_word' id='word_1_160' title='bbox 379 1534 539 1578; x_wconf 90' lang='lat' dir='ltr'>civibus</span> <span class='ocrx_word' id='word_1_161' title='bbox 573 1534 992 1591; x_wconf 84' lang='lat' dir='ltr'>Carthaginiensibus</span> <span class='ocrx_word' id='word_1_162' title='bbox 1031 1536 1231 1579; x_wconf 90' lang='lat' dir='ltr'>trecentis</span> <span class='ocrx_word' id='word_1_163' title='bbox 1269 1536 1443 1579; x_wconf 89' lang='lat' dir='ltr'>talentis</span> <span class='ocrx_word' id='word_1_164' title='bbox 1480 1534 1755 1592; x_wconf 82' lang='lat' dir='ltr'>ignominiose</span> 
     </span>
     <span class='ocr_line' id='line_1_21' title="bbox 148 1606 1006 1664; baseline 0.002 -15"><span class='ocrx_word' id='word_1_165' title='bbox 148 1606 332 1650; x_wconf 91' lang='lat' dir='ltr'>reditum</span> <span class='ocrx_word' id='word_1_166' title='bbox 364 1608 533 1650; x_wconf 90' lang='lat' dir='ltr'>emeret.</span> <span class='ocrx_word' id='word_1_167' title='bbox 568 1607 634 1651; x_wconf 94' lang='lat' dir='ltr'>Ol.</span> <span class='ocrx_word' id='word_1_168' title='bbox 670 1608 913 1660; x_wconf 78' lang='lat'>96‚2=395</span> <span class='ocrx_word' id='word_1_169' title='bbox 933 1608 1006 1664; x_wconf 73' lang='lat'>⁴2).</span> 
     </span>
    </p>

    <p class='ocr_par' dir='ltr' id='par_1_3' title="bbox 146 1679 1754 2100">
     <span class='ocr_line' id='line_1_22' title="bbox 270 1679 1754 1737; baseline 0.001 -14"><span class='ocrx_word' id='word_1_170' title='bbox 270 1679 359 1734; x_wconf 80' lang='lat' dir='ltr'>Quo</span> <span class='ocrx_word' id='word_1_171' title='bbox 392 1680 576 1736; x_wconf 89' lang='lat' dir='ltr'>periculo</span> <span class='ocrx_word' id='word_1_172' title='bbox 607 1680 847 1736; x_wconf 87' lang='lat' dir='ltr'>propulsato</span> <span class='ocrx_word' id='word_1_173' title='bbox 886 1680 1110 1737; x_wconf 90' lang='lat' dir='ltr'>Dionysius</span> <span class='ocrx_word' id='word_1_174' title='bbox 1152 1681 1295 1725; x_wconf 91' lang='lat' dir='ltr'>decem</span> <span class='ocrx_word' id='word_1_175' title='bbox 1333 1681 1503 1725; x_wconf 89' lang='lat' dir='ltr'>milibus</span> <span class='ocrx_word' id='word_1_176' title='bbox 1540 1693 1754 1725; x_wconf 86' lang='lat' dir='ltr'>mercena-</span> 
     </span>
     <span class='ocr_line' id='line_1_23' title="bbox 148 1752 1754 1809; baseline 0 -15"><span class='ocrx_word' id='word_1_177' title='bbox 148 1752 307 1795; x_wconf 89' lang='lat' dir='ltr'>riorum</span> <span class='ocrx_word' id='word_1_178' title='bbox 340 1753 487 1794; x_wconf 91' lang='lat' dir='ltr'>urbem</span> <span class='ocrx_word' id='word_1_179' title='bbox 510 1765 715 1808; x_wconf 84' lang='lat' dir='ltr'>agrosque</span> <span class='ocrx_word' id='word_1_180' title='bbox 739 1753 1048 1803; x_wconf 84' lang='lat' dir='ltr'>Leontinorum,</span> <span class='ocrx_word' id='word_1_181' title='bbox 1083 1766 1181 1807; x_wconf 90' lang='lat' dir='ltr'>quos</span> <span class='ocrx_word' id='word_1_182' title='bbox 1205 1754 1429 1809; x_wconf 86' lang='lat' dir='ltr'>Syracusas</span> <span class='ocrx_word' id='word_1_183' title='bbox 1451 1753 1754 1808; x_wconf 88' lang='lat' dir='ltr'>transmigrare</span> 
     </span>
     <span class='ocr_line' id='line_1_24' title="bbox 147 1824 1753 1882; baseline 0.001 -14"><span class='ocrx_word' id='word_1_184' title='bbox 147 1825 355 1882; x_wconf 85' lang='lat' dir='ltr'>coegerat,</span> <span class='ocrx_word' id='word_1_185' title='bbox 375 1824 605 1878; x_wconf 88' lang='lat' dir='ltr'>distribuit,</span> <span class='ocrx_word' id='word_1_186' title='bbox 624 1825 863 1869; x_wconf 88' lang='lat' dir='ltr'>Messanam</span> <span class='ocrx_word' id='word_1_187' title='bbox 881 1825 991 1869; x_wconf 90' lang='lat' dir='ltr'>inter</span> <span class='ocrx_word' id='word_1_188' title='bbox 1009 1825 1245 1878; x_wconf 89' lang='lat' dir='ltr'>Locrenses,</span> <span class='ocrx_word' id='word_1_189' title='bbox 1264 1824 1579 1869; x_wconf 85' lang='lat' dir='ltr'>Medimnaeos‘?</span> <span class='ocrx_word' id='word_1_190' title='bbox 1597 1825 1753 1869; x_wconf 89' lang='lat' dir='ltr'>Messe-</span> 
     </span>
     <span class='ocr_line' id='line_1_25' title="bbox 147 1897 1753 1954; baseline 0.001 -15"><span class='ocrx_word' id='word_1_191' title='bbox 147 1898 316 1952; x_wconf 89' lang='lat' dir='ltr'>niosque</span> <span class='ocrx_word' id='word_1_192' title='bbox 332 1910 356 1940; x_wconf 90' lang='lat' dir='ltr'>a</span> <span class='ocrx_word' id='word_1_193' title='bbox 368 1897 650 1952; x_wconf 89' lang='lat' dir='ltr'>Spartiatibus</span> <span class='ocrx_word' id='word_1_194' title='bbox 662 1898 881 1953; x_wconf 87' lang='lat' dir='ltr'>Naupacto</span> <span class='ocrx_word' id='word_1_195' title='bbox 893 1898 934 1940; x_wconf 92' lang='lat' dir='ltr'>et</span> <span class='ocrx_word' id='word_1_196' title='bbox 947 1898 1160 1954; x_wconf 86' lang='lat' dir='ltr'>Zacyntho</span> <span class='ocrx_word' id='word_1_197' title='bbox 1177 1898 1367 1953; x_wconf 86' lang='lat' dir='ltr'>expulsos</span> <span class='ocrx_word' id='word_1_198' title='bbox 1385 1898 1542 1950; x_wconf 91' lang='lat' dir='ltr'>divisit,</span> <span class='ocrx_word' id='word_1_199' title='bbox 1559 1898 1667 1941; x_wconf 90' lang='lat' dir='ltr'>alias</span> <span class='ocrx_word' id='word_1_200' title='bbox 1683 1911 1753 1940; x_wconf 91' lang='lat' dir='ltr'>ur-</span> 
     </span>
     <span class='ocr_line' id='line_1_26' title="bbox 146 1970 1753 2028; baseline -0.001 -14"><span class='ocrx_word' id='word_1_201' title='bbox 146 1970 232 2023; x_wconf 90' lang='lat' dir='ltr'>bes,</span> <span class='ocrx_word' id='word_1_202' title='bbox 258 1983 400 2026; x_wconf 87' lang='lat' dir='ltr'>quaea</span> <span class='ocrx_word' id='word_1_203' title='bbox 416 1970 647 2014; x_wconf 91' lang='lat' dir='ltr'>Poenorum</span> <span class='ocrx_word' id='word_1_204' title='bbox 670 1971 789 2026; x_wconf 89' lang='lat' dir='ltr'>parte</span> <span class='ocrx_word' id='word_1_205' title='bbox 816 1971 1045 2023; x_wconf 88' lang='lat' dir='ltr'>stetissent,</span> <span class='ocrx_word' id='word_1_206' title='bbox 1074 1971 1341 2028; x_wconf 86' lang='lat' dir='ltr'>expugnavit,</span> <span class='ocrx_word' id='word_1_207' title='bbox 1370 1984 1468 2015; x_wconf 91' lang='lat' dir='ltr'>cum</span> <span class='ocrx_word' id='word_1_208' title='bbox 1491 1971 1588 2014; x_wconf 86' lang='lat' dir='ltr'>aliis</span> <span class='ocrx_word' id='word_1_209' title='bbox 1607 1970 1753 2014; x_wconf 89' lang='lat' dir='ltr'>foedus</span> 
     </span>
     <span class='ocr_line' id='line_1_27' title="bbox 146 2043 1751 2100; baseline -0.001 -14"><span class='ocrx_word' id='word_1_210' title='bbox 146 2044 255 2095; x_wconf 90' lang='lat' dir='ltr'>iniit,</span> <span class='ocrx_word' id='word_1_211' title='bbox 280 2043 409 2086; x_wconf 91' lang='lat' dir='ltr'>donec</span> <span class='ocrx_word' id='word_1_212' title='bbox 428 2043 510 2098; x_wconf 90' lang='lat' dir='ltr'>ipsi</span> <span class='ocrx_word' id='word_1_213' title='bbox 527 2057 622 2087; x_wconf 88' lang='lat' dir='ltr'>cum</span> <span class='ocrx_word' id='word_1_214' title='bbox 638 2043 818 2100; x_wconf 88' lang='lat' dir='ltr'>Magone</span> <span class='ocrx_word' id='word_1_215' title='bbox 834 2044 1068 2087; x_wconf 89' lang='lat' dir='ltr'>Poenorum</span> <span class='ocrx_word' id='word_1_216' title='bbox 1083 2043 1199 2096; x_wconf 90' lang='lat' dir='ltr'>duce,</span> <span class='ocrx_word' id='word_1_217' title='bbox 1223 2044 1294 2099; x_wconf 93' lang='lat' dir='ltr'>qui</span> <span class='ocrx_word' id='word_1_218' title='bbox 1311 2043 1603 2087; x_wconf 87' lang='lat' dir='ltr'>auctoritatem</span> <span class='ocrx_word' id='word_1_219' title='bbox 1620 2043 1751 2086; x_wconf 92' lang='lat' dir='ltr'>demi-</span> 
     </span>
    </p>

    <p class='ocr_par' dir='ltr' id='par_1_4' title="bbox 145 2115 1754 2174">
     <span class='ocr_line' id='line_1_28' title="bbox 145 2115 1754 2174; baseline -0.001 -13"><span class='ocrx_word' id='word_1_220' title='bbox 145 2117 294 2162; x_wconf 88' lang='lat' dir='ltr'>nutam</span> <span class='ocrx_word' id='word_1_221' title='bbox 325 2116 616 2174; x_wconf 87' lang='lat' dir='ltr'>redintegrare</span> <span class='ocrx_word' id='word_1_222' title='bbox 648 2118 884 2161; x_wconf 87' lang='lat' dir='ltr'>enitebatur</span> <span class='ocrx_word' id='word_1_223' title='bbox 917 2116 981 2160; x_wconf 92' lang='lat' dir='ltr'>Ol.</span> <span class='ocrx_word' id='word_1_224' title='bbox 1008 2117 1254 2169; x_wconf 72' lang='lat'>97‚1=392</span> <span class='ocrx_word' id='word_1_225' title='bbox 1281 2116 1426 2161; x_wconf 86' lang='lat' dir='ltr'>foedus</span> <span class='ocrx_word' id='word_1_226' title='bbox 1447 2116 1573 2160; x_wconf 86' lang='lat' dir='ltr'>ferire</span> <span class='ocrx_word' id='word_1_227' title='bbox 1593 2115 1754 2172; x_wconf 88' lang='lat' dir='ltr'>placuit</span> 
     </span>
    </p>
   </div>
   <div class='ocr_carea' id='block_1_3' title="bbox 146 2241 438 2245">
    <p class='ocr_par' dir='ltr' id='par_1_5' title="bbox 146 2241 438 2245">
     <span class='ocr_line' id='line_1_29' title="bbox 146 2241 438 2245; baseline 0 0"><span class='ocrx_word' id='word_1_228' title='bbox 146 2241 438 2245; x_wconf 95' lang='lat' dir='ltr'> </span> 
     </span>
    </p>
   </div>
   <div class='ocr_carea' id='block_1_4' title="bbox 145 2309 1754 2906">
    <p class='ocr_par' dir='ltr' id='par_1_6' title="bbox 145 2309 1754 2723">
     <span class='ocr_line' id='line_1_30' title="bbox 145 2309 1753 2357; baseline -0.002 -10"><span class='ocrx_word' id='word_1_229' title='bbox 145 2311 254 2347; x_wconf 85' lang='lat' dir='ltr'>fratri</span> <span class='ocrx_word' id='word_1_230' title='bbox 272 2312 435 2357; x_wconf 87' lang='lat' dir='ltr'>nupsisse</span> <span class='ocrx_word' id='word_1_231' title='bbox 453 2311 609 2346; x_wconf 87' lang='lat' dir='ltr'>videtur.</span> <span class='ocrx_word' id='word_1_232' title='bbox 655 2310 909 2346; x_wconf 88' lang='lat' dir='ltr'>Aristomache</span> <span class='ocrx_word' id='word_1_233' title='bbox 943 2309 1007 2346; x_wconf 92' lang='lat' dir='ltr'>diu</span> <span class='ocrx_word' id='word_1_234' title='bbox 1038 2309 1232 2345; x_wconf 84' lang='lat' dir='ltr'>infecunda</span> <span class='ocrx_word' id='word_1_235' title='bbox 1262 2309 1347 2352; x_wconf 88' lang='lat' dir='ltr'>fuit,</span> <span class='ocrx_word' id='word_1_236' title='bbox 1384 2320 1494 2356; x_wconf 85' lang='lat' dir='ltr'>quam</span> <span class='ocrx_word' id='word_1_237' title='bbox 1528 2309 1574 2345; x_wconf 93' lang='lat' dir='ltr'>ob</span> <span class='ocrx_word' id='word_1_238' title='bbox 1608 2319 1753 2345; x_wconf 82' lang='lat' dir='ltr'>causam</span> 
     </span>
     <span class='ocr_line' id='line_1_31' title="bbox 145 2369 1753 2419; baseline -0.001 -11"><span class='ocrx_word' id='word_1_239' title='bbox 145 2373 299 2409; x_wconf 83' lang='lat' dir='ltr'>alterius</span> <span class='ocrx_word' id='word_1_240' title='bbox 317 2372 484 2419; x_wconf 85' lang='lat' dir='ltr'>conjugis</span> <span class='ocrx_word' id='word_1_241' title='bbox 502 2374 670 2415; x_wconf 88' lang='lat' dir='ltr'>matrem,</span> <span class='ocrx_word' id='word_1_242' title='bbox 691 2382 760 2418; x_wconf 89' lang='lat' dir='ltr'>quo</span> <span class='ocrx_word' id='word_1_243' title='bbox 779 2371 960 2407; x_wconf 89' lang='lat' dir='ltr'>crudelius</span> <span class='ocrx_word' id='word_1_244' title='bbox 978 2370 1086 2414; x_wconf 89' lang='lat' dir='ltr'>nihil,</span> <span class='ocrx_word' id='word_1_245' title='bbox 1121 2371 1280 2407; x_wconf 90' lang='lat' dir='ltr'>interfici</span> <span class='ocrx_word' id='word_1_246' title='bbox 1295 2369 1419 2417; x_wconf 87' lang='lat' dir='ltr'>jussit,</span> <span class='ocrx_word' id='word_1_247' title='bbox 1451 2370 1628 2407; x_wconf 85' lang='lat' dir='ltr'>dictitans</span> <span class='ocrx_word' id='word_1_248' title='bbox 1646 2369 1692 2406; x_wconf 87' lang='lat' dir='ltr'>ab</span> <span class='ocrx_word' id='word_1_249' title='bbox 1711 2381 1753 2406; x_wconf 84' lang='lat' dir='ltr'>ea</span> 
     </span>
     <span class='ocr_line' id='line_1_32' title="bbox 145 2431 1754 2478; baseline -0.002 -10"><span class='ocrx_word' id='word_1_250' title='bbox 145 2445 221 2468; x_wconf 87' lang='lat' dir='ltr'>esse</span> <span class='ocrx_word' id='word_1_251' title='bbox 256 2433 536 2468; x_wconf 74' lang='lat' dir='ltr'>Aristomachen</span> <span class='ocrx_word' id='word_1_252' title='bbox 570 2432 799 2467; x_wconf 86' lang='lat' dir='ltr'>fascinatam.</span> <span class='ocrx_word' id='word_1_253' title='bbox 852 2431 950 2475; x_wconf 86' lang='lat' dir='ltr'>Quae</span> <span class='ocrx_word' id='word_1_254' title='bbox 982 2443 1066 2467; x_wconf 87' lang='lat' dir='ltr'>vero</span> <span class='ocrx_word' id='word_1_255' title='bbox 1097 2434 1224 2478; x_wconf 84' lang='lat' dir='ltr'>postea</span> <span class='ocrx_word' id='word_1_256' title='bbox 1254 2431 1343 2467; x_wconf 88' lang='lat' dir='ltr'>duos</span> <span class='ocrx_word' id='word_1_257' title='bbox 1373 2432 1468 2466; x_wconf 87' lang='lat' dir='ltr'>filios</span> <span class='ocrx_word' id='word_1_258' title='bbox 1499 2431 1685 2477; x_wconf 82' lang='lat' dir='ltr'>Nysaeum</span> <span class='ocrx_word' id='word_1_259' title='bbox 1715 2432 1754 2466; x_wconf 89' lang='lat' dir='ltr'>et</span> 
     </span>
     <span class='ocr_line' id='line_1_33' title="bbox 145 2489 1754 2539; baseline -0.002 -11"><span class='ocrx_word' id='word_1_260' title='bbox 145 2493 389 2539; x_wconf 86' lang='lat' dir='ltr'>Hipparinum</span> <span class='ocrx_word' id='word_1_261' title='bbox 408 2492 568 2539; x_wconf 86' lang='lat' dir='ltr'>duasque</span> <span class='ocrx_word' id='word_1_262' title='bbox 587 2493 683 2528; x_wconf 84' lang='lat' dir='ltr'>filias</span> <span class='ocrx_word' id='word_1_263' title='bbox 702 2492 844 2537; x_wconf 87' lang='lat' dir='ltr'>genuit,</span> <span class='ocrx_word' id='word_1_264' title='bbox 873 2504 1026 2539; x_wconf 88' lang='lat' dir='ltr'>quarum</span> <span class='ocrx_word' id='word_1_265' title='bbox 1046 2492 1301 2538; x_wconf 82' lang='lat' dir='ltr'>Sophrosynen</span> <span class='ocrx_word' id='word_1_266' title='bbox 1320 2491 1518 2537; x_wconf 87' lang='lat' dir='ltr'>Dionysius</span> <span class='ocrx_word' id='word_1_267' title='bbox 1535 2490 1585 2532; x_wconf 89' lang='lat' dir='ltr'>II,</span> <span class='ocrx_word' id='word_1_268' title='bbox 1617 2489 1754 2526; x_wconf 88' lang='lat' dir='ltr'>Areten</span> 
     </span>
     <span class='ocr_line' id='line_1_34' title="bbox 146 2549 1753 2599; baseline -0.002 -10"><span class='ocrx_word' id='word_1_269' title='bbox 146 2556 270 2589; x_wconf 83' lang='lat' dir='ltr'>autem</span> <span class='ocrx_word' id='word_1_270' title='bbox 286 2553 486 2590; x_wconf 82' lang='lat' dir='ltr'>Thearidas</span> <span class='ocrx_word' id='word_1_271' title='bbox 505 2554 656 2599; x_wconf 87' lang='lat' dir='ltr'>tyranni</span> <span class='ocrx_word' id='word_1_272' title='bbox 674 2553 789 2588; x_wconf 87' lang='lat' dir='ltr'>frater</span> <span class='ocrx_word' id='word_1_273' title='bbox 807 2564 919 2599; x_wconf 87' lang='lat' dir='ltr'>eoque</span> <span class='ocrx_word' id='word_1_274' title='bbox 936 2555 1080 2588; x_wconf 86' lang='lat' dir='ltr'>mortuo</span> <span class='ocrx_word' id='word_1_275' title='bbox 1095 2552 1192 2587; x_wconf 89' lang='lat' dir='ltr'>Dion</span> <span class='ocrx_word' id='word_1_276' title='bbox 1211 2553 1248 2587; x_wconf 90' lang='lat' dir='ltr'>in</span> <span class='ocrx_word' id='word_1_277' title='bbox 1267 2552 1545 2587; x_wconf 88' lang='lat' dir='ltr'>matrimonium</span> <span class='ocrx_word' id='word_1_278' title='bbox 1563 2549 1753 2586; x_wconf 78' lang='lat' dir='ltr'>duxerunt.</span> 
     </span>
     <span class='ocr_line' id='line_1_35' title="bbox 146 2611 1752 2657; baseline -0.002 -7"><span class='ocrx_word' id='word_1_279' title='bbox 146 2614 190 2651; x_wconf 87' lang='lat' dir='ltr'>cf.</span> <span class='ocrx_word' id='word_1_280' title='bbox 222 2615 321 2652; x_wconf 89' lang='lat' dir='ltr'>Plut.</span> <span class='ocrx_word' id='word_1_281' title='bbox 353 2614 455 2651; x_wconf 85' lang='lat' dir='ltr'>Alex.</span> <span class='ocrx_word' id='word_1_282' title='bbox 488 2614 574 2651; x_wconf 88' lang='lat' dir='ltr'>fort.</span> <span class='ocrx_word' id='word_1_283' title='bbox 594 2614 644 2651; x_wconf 91' lang='grc' dir='ltr'>ΙΙ.</span> <span class='ocrx_word' id='word_1_284' title='bbox 664 2625 691 2650; x_wconf 81' lang='lat' dir='ltr'>e.</span> <span class='ocrx_word' id='word_1_285' title='bbox 712 2614 744 2650; x_wconf 75' lang='grc' dir='ltr'>ἵ).</span> <span class='ocrx_word' id='word_1_286' title='bbox 780 2614 888 2651; x_wconf 90' lang='lat' dir='ltr'>Diod.</span> <span class='ocrx_word' id='word_1_287' title='bbox 919 2614 998 2657; x_wconf 91' lang='lat' dir='ltr'>XV,</span> <span class='ocrx_word' id='word_1_288' title='bbox 1019 2614 1057 2656; x_wconf 78' lang='lat'>7;</span> <span class='ocrx_word' id='word_1_289' title='bbox 1091 2613 1189 2656; x_wconf 86' lang='lat' dir='ltr'>XVI,</span> <span class='ocrx_word' id='word_1_290' title='bbox 1210 2613 1316 2649; x_wconf 73' lang='lat'>5—6.</span> <span class='ocrx_word' id='word_1_291' title='bbox 1351 2612 1452 2648; x_wconf 91' lang='lat' dir='ltr'>Plut.</span> <span class='ocrx_word' id='word_1_292' title='bbox 1471 2611 1568 2648; x_wconf 91' lang='lat' dir='ltr'>Dion</span> <span class='ocrx_word' id='word_1_293' title='bbox 1594 2623 1622 2648; x_wconf 95' lang='lat' dir='ltr'>c.</span> <span class='ocrx_word' id='word_1_294' title='bbox 1642 2613 1675 2655; x_wconf 82' lang='lat'>6,</span> <span class='ocrx_word' id='word_1_295' title='bbox 1695 2612 1752 2649; x_wconf 80' lang='lat'>21.</span> 
     </span>
     <span class='ocr_line' id='line_1_36' title="bbox 146 2672 1425 2723; baseline -0.005 -10"><span class='ocrx_word' id='word_1_296' title='bbox 146 2676 252 2713; x_wconf 84' lang='lat' dir='ltr'>Corn.</span> <span class='ocrx_word' id='word_1_297' title='bbox 267 2677 356 2723; x_wconf 88' lang='lat' dir='ltr'>Nep.</span> <span class='ocrx_word' id='word_1_298' title='bbox 377 2677 483 2713; x_wconf 87' lang='lat' dir='ltr'>Dion.</span> <span class='ocrx_word' id='word_1_299' title='bbox 504 2688 532 2712; x_wconf 93' lang='lat' dir='ltr'>c.</span> <span class='ocrx_word' id='word_1_300' title='bbox 553 2679 584 2713; x_wconf 91' lang='lat'>1.</span> <span class='ocrx_word' id='word_1_301' title='bbox 620 2675 756 2712; x_wconf 85' lang='lat' dir='ltr'>Athen.</span> <span class='ocrx_word' id='word_1_302' title='bbox 776 2687 809 2721; x_wconf 88' lang='lat' dir='ltr'>p.</span> <span class='ocrx_word' id='word_1_303' title='bbox 828 2676 1032 2712; x_wconf 83' lang='lat'>433—434.</span> <span class='ocrx_word' id='word_1_304' title='bbox 1069 2673 1200 2711; x_wconf 87' lang='lat' dir='ltr'>Suidas</span> <span class='ocrx_word' id='word_1_305' title='bbox 1218 2686 1245 2709; x_wconf 91' lang='lat' dir='ltr'>s.</span> <span class='ocrx_word' id='word_1_306' title='bbox 1267 2685 1298 2709; x_wconf 84' lang='lat' dir='ltr'>v.</span> <span class='ocrx_word' id='word_1_307' title='bbox 1318 2672 1425 2708; x_wconf 89' lang='grc' dir='ltr'><em>Δίων.</em></span> 
     </span>
    </p>

    <p class='ocr_par' dir='ltr' id='par_1_7' title="bbox 245 2734 1299 2783">
     <span class='ocr_line' id='line_1_37' title="bbox 245 2734 1299 2783; baseline -0.003 -10"><span class='ocrx_word' id='word_1_308' title='bbox 245 2738 291 2783; x_wconf 69' lang='grc'>41)</span> <span class='ocrx_word' id='word_1_309' title='bbox 326 2737 381 2773; x_wconf 78' lang='lat' dir='ltr'>Cf.</span> <span class='ocrx_word' id='word_1_310' title='bbox 400 2737 507 2773; x_wconf 84' lang='lat' dir='ltr'>Diod.</span> <span class='ocrx_word' id='word_1_311' title='bbox 527 2737 626 2780; x_wconf 88' lang='lat' dir='ltr'>XIV,</span> <span class='ocrx_word' id='word_1_312' title='bbox 645 2737 802 2773; x_wconf 77' lang='lat'>45—53.</span> <span class='ocrx_word' id='word_1_313' title='bbox 839 2736 1003 2782; x_wconf 88' lang='lat' dir='ltr'>Polyaen</span> <span class='ocrx_word' id='word_1_314' title='bbox 1021 2737 1129 2771; x_wconf 87' lang='lat' dir='ltr'>strat.</span> <span class='ocrx_word' id='word_1_315' title='bbox 1148 2734 1192 2777; x_wconf 92' lang='lat' dir='ltr'>V,</span> <span class='ocrx_word' id='word_1_316' title='bbox 1213 2735 1246 2777; x_wconf 79' lang='lat'>2,</span> <span class='ocrx_word' id='word_1_317' title='bbox 1267 2735 1299 2770; x_wconf 86' lang='grc'>6.</span> 
     </span>
    </p>

    <p class='ocr_par' dir='ltr' id='par_1_8' title="bbox 146 2794 1753 2906">
     <span class='ocr_line' id='line_1_38' title="bbox 244 2794 1753 2845; baseline -0.003 -11"><span class='ocrx_word' id='word_1_318' title='bbox 244 2797 292 2845; x_wconf 75' lang='lat'>⁴²)</span> <span class='ocrx_word' id='word_1_319' title='bbox 327 2797 381 2834; x_wconf 83' lang='lat' dir='ltr'>Cf.</span> <span class='ocrx_word' id='word_1_320' title='bbox 400 2798 506 2834; x_wconf 88' lang='lat' dir='ltr'>Diod.</span> <span class='ocrx_word' id='word_1_321' title='bbox 525 2798 624 2841; x_wconf 91' lang='lat' dir='ltr'>XIV,</span> <span class='ocrx_word' id='word_1_322' title='bbox 644 2798 788 2834; x_wconf 79' lang='lat'>56—75</span> <span class='ocrx_word' id='word_1_323' title='bbox 807 2797 850 2833; x_wconf 88' lang='lat' dir='ltr'>cf.</span> <span class='ocrx_word' id='word_1_324' title='bbox 870 2797 1052 2844; x_wconf 88' lang='lat' dir='ltr'>imprimis</span> <span class='ocrx_word' id='word_1_325' title='bbox 1069 2795 1232 2832; x_wconf 85' lang='lat' dir='ltr'>Niehues</span> <span class='ocrx_word' id='word_1_326' title='bbox 1250 2806 1284 2841; x_wconf 85' lang='lat' dir='ltr'>p.</span> <span class='ocrx_word' id='word_1_327' title='bbox 1303 2794 1458 2839; x_wconf 77' lang='lat'>37—44,</span> <span class='ocrx_word' id='word_1_328' title='bbox 1486 2795 1548 2842; x_wconf 90' lang='lat' dir='ltr'>qui</span> <span class='ocrx_word' id='word_1_329' title='bbox 1566 2794 1660 2830; x_wconf 88' lang='lat' dir='ltr'>hanc</span> <span class='ocrx_word' id='word_1_330' title='bbox 1677 2803 1753 2829; x_wconf 87' lang='lat' dir='ltr'>rem</span> 
     </span>
     <span class='ocr_line' id='line_1_39' title="bbox 146 2858 718 2906; baseline 0 -11"><span class='ocrx_word' id='word_1_331' title='bbox 146 2858 282 2896; x_wconf 84' lang='lat' dir='ltr'>diserte</span> <span class='ocrx_word' id='word_1_332' title='bbox 301 2870 342 2895; x_wconf 90' lang='lat' dir='ltr'>ac</span> <span class='ocrx_word' id='word_1_333' title='bbox 359 2858 476 2895; x_wconf 85' lang='lat' dir='ltr'>fusius</span> <span class='ocrx_word' id='word_1_334' title='bbox 494 2859 718 2906; x_wconf 87' lang='lat' dir='ltr'>conscripsit.</span> 
     </span>
    </p>
   </div>
  </div>
 </body>
</html>
