1916 3085
900 99 994 166 Δ33

158 218 277 278 nysio
307 218 552 274 desciverat,
586 220 711 266 noctu
742 220 901 265 viribus
931 221 1103 268 inferior
1132 223 1290 267 frustra
1311 233 1553 278 oppugnare
1575 219 1762 272 conatus,
1822 258 1837 259 1

158 293 278 339 clade
308 292 481 338 affectus
519 294 601 349 est,
641 307 688 339 ex
725 293 853 339 Italia
893 294 1120 354 Syracusas
1158 296 1286 350 venit.
1351 295 1419 341 Ita
1458 293 1577 340 foede
1615 293 1762 351 pulsus

157 368 266 410 hanc
296 368 593 411 contumeliam
629 369 777 411 statim
807 369 962 423 proelio
993 370 1137 413 contra
1167 370 1438 414 Heraclidem
1470 368 1614 412 navali
1646 380 1760 411 com-

156 439 297 493 misso,
328 439 499 485 abluere
530 440 761 485 constituit.
824 440 945 495 Acie,
985 441 1038 485 ab
1070 442 1245 499 utraque
1275 443 1394 499 parte
1424 441 1537 487 haud
1569 439 1761 485 inferiori

157 524 284 568 quam
305 514 523 570 sexaginta
539 513 711 558 navium
732 514 950 567 instructa,
974 515 1019 557 in
1040 528 1226 571 pugnam
1246 516 1548 568 ascenderunt,
1561 516 1604 558 et
1630 526 1759 557 manu

157 586 346 630 conserta
381 585 491 630 'hinc
537 587 580 630 et
625 587 746 631 illinc
786 583 986 631 acerrime
1018 587 1265 632 dimicatum
1296 588 1371 633 est.
1433 588 1532 633 Jam
1558 587 1651 644 Jam
1685 584 1758 628 diu

156 658 340 714 ancipite
370 659 508 719 Marte
539 661 751 713 manente,
791 661 967 704 victoria
998 660 1042 703 in
1073 661 1314 714 Philistum,
1349 662 1418 717 qui
1450 661 1607 704 virtute
1637 672 1758 715 prae-

156 731 342 784 valebat,
390 732 630 787 inclinavit,
679 746 826 789 quum,
874 733 972 778 navi
1005 734 1093 777 eius
1125 733 1263 777 subito
1294 732 1338 776 in
1368 734 1527 777 terram
1558 731 1698 785 infixa,
1730 744 1757 774 a

155 803 424 861 Syracusanis
456 804 637 861 undique
669 806 943 851 circumfusus
975 807 1016 850 et
1048 807 1166 850 vivus
1198 806 1343 861 captus
1375 806 1450 848 est.
1475 804 1540 848 Ol.
1569 805 1697 856 106,1
1722 823 1756 839 =

155 876 313 920 aestate
344 877 444 920 anni
476 878 563 922 356
574 879 642 936 ²⁰).
707 880 994 936 Senectutem)
1021 880 1113 937 Jam
1145 879 1379 924 confectum
1409 878 1639 921 Philistum
1678 877 1756 933 Sy-

154 949 360 1003 racusani,
384 950 658 1008 ignominiose
677 953 839 1007 auditu,
862 954 1028 1006 exuunt,
1052 953 1386 1009 denudatumque
1406 951 1595 995 illudunt
1614 951 1754 1007 atque,

154 1023 290 1078 capite
336 1024 599 1079 obtruncato,
649 1040 794 1082 corpus
840 1027 980 1082 pueris
1026 1027 1219 1079 tradunt,
1267 1025 1339 1081 qui
1386 1025 1449 1068 ira
1486 1024 1641 1068 infensi
1682 1036 1755 1079 per

153 1094 438 1140 Achradinam
468 1098 652 1142 tractum
683 1098 728 1141 in
760 1098 958 1142 latumias
994 1098 1279 1155 abjiciunt22).

273 1168 454 1213 Philisto
484 1170 641 1224 optimo
670 1171 840 1227 tyranni
873 1170 975 1213 duce
1006 1171 1189 1222 mortuo,
1229 1170 1474 1224 Dionysius,
1514 1169 1654 1212 animo
1687 1169 1753 1211 di-

153 1238 280 1285 misso
311 1242 580 1297 omnibusque
611 1243 735 1288 rebus
758 1242 1001 1299 desperatis,
1034 1243 1197 1304 legatos
1228 1242 1283 1287 ad
1305 1242 1484 1286 Dionem
1515 1241 1646 1294 misit,
1680 1240 1752 1297 qui

154 1313 193 1358 ei
225 1315 391 1370 imperii
422 1316 595 1360 dimidio
624 1317 782 1360 frustra
812 1317 971 1369 oblato,
1012 1317 1055 1359 id
1087 1316 1409 1372 proposuerunt,
1450 1315 1498 1358 ut
1528 1314 1755 1371 Dionysius

153 1399 305 1439 arcem,
339 1401 456 1431 arma
488 1389 842 1445 mercenariosque
872 1389 1030 1433 milites
1061 1389 1101 1432 ei
1130 1388 1318 1432 traderet
1349 1400 1398 1431 ea
1426 1386 1675 1439 conditione,
1708 1388 1756 1430 ut

152 1459 219 1502 illi
249 1460 293 1503 in
324 1460 496 1505 Italiam
528 1475 571 1506 se
602 1463 784 1518 recipere
821 1465 1059 1517 annuosque
1095 1461 1258 1505 fructus
1288 1460 1527 1504 fructuosae
1559 1459 1755 1515 lataeque

148 1532 354 1587 regionis,
396 1546 507 1589 quae
554 1532 706 1578 Γύατα
745 1535 990 1587 vocabatur,
1038 1545 1183 1589 capere
1230 1532 1390 1576 liceret.
1454 1532 1565 1575 Dion
1596 1533 1753 1584 autem,

149 1616 400 1661 quamquam
440 1606 520 1663 ipsi
558 1607 660 1651 haec
700 1608 957 1652 conditiones
994 1607 1194 1664 probatae
1233 1606 1371 1659 erant,
1418 1606 1462 1649 31
1501 1618 1756 1662 quamquam

148 1677 367 1733 populum,
408 1679 455 1722 ut
485 1681 609 1735 pacta
641 1680 782 1724 oblata
813 1681 1020 1736 acciperet
1050 1680 1240 1739 hortatus
1273 1679 1356 1731 est,
1394 1679 1558 1735 legatos
1590 1678 1645 1722 ad
1678 1679 1756 1736 Sy-

149 1763 393 1804 racusanos,
438 1752 686 1808 quibuscum
717 1754 905 1810 agerent,
939 1754 1067 1798 misit.
1135 1753 1273 1808 Quum
1303 1756 1446 1796 autem
1479 1752 1590 1796 cives
1624 1753 1755 1797 victo—

246 1882 293 1929 20)
319 1882 372 1920 Cf.
401 1883 550 1920 Clinton
577 1884 676 1920 Fast.
704 1885 800 1921 Hell.
829 1884 884 1921 ad.
914 1897 947 1921 a.
976 1885 1058 1921 356.

246 1942 293 1990 2¹)
318 1943 519 1981 Philistum
545 1945 619 1981 iam
646 1946 919 1993 quinquaginta
944 1958 1005 1982 sex
1030 1946 1137 1982 annis
1174 1946 1262 1982 ante
1288 1944 1573 1981 Atheniensium
1611 1944 1753 1981 cladem

148 2002 244 2048 apud
268 2004 462 2049 Syracusas
488 2005 623 2041 vidisse
649 2017 668 2041 e
694 2006 794 2042 Plut.
820 2007 947 2042 Nicias
973 2018 1001 2042 c.
1030 2007 1095 2042 19:
1127 2007 1203 2041 τῶν
1227 2005 1459 2052 πραγμάτων
1483 2004 1617 2051 ὁρατὴς
1642 2005 1753 2050 γενό-

147 2075 259 2110 μενος
284 2064 413 2107 313331,
440 2064 536 2101 unde
552 2055 803 2112 'proficiscitur
829 2078 913 2103 eum
939 2068 1027 2103 tunc
1053 2067 1128 2103 iam
1154 2077 1278 2102 senem
1303 2064 1423 2101 fuisse.

247 2123 292 2170 ²²)
318 2124 372 2161 Cf.
402 2125 582 2161 Timonid.
612 2127 749 2162 Timae.
777 2129 816 2163 et
840 2127 974 2173 Ephor.
1011 2139 1068 2173 ap.
1091 2127 1196 2175 ,Plut.
1223 2127 1320 2162 Dion
1345 2137 1373 2161 c.
1400 2126 1458 2162 35.
1502 2125 1634 2161 Suidas
1660 2137 1687 2162 s.
1716 2137 1749 2161 v.

148 2183 309 2223 Φίλισκος
334 2185 360 2230 ἦ
386 2184 557 2225 Φίλιστος.
584 2186 841 2223 Controversia
869 2189 936 2230 est,
962 2189 1088 2223 utrum
1113 2187 1295 2222 Philistus
1320 2187 1425 2221 vivus
1451 2197 1494 2221 ac
1518 2188 1685 2222 mortuus
1710 2186 1750 2221 in

148 2245 453 2291 Syracusanorum
491 2259 618 2283 manus
657 2247 841 2284 inciderit*
879 2247 1012 2294 Ephor.
1039 2247 1133 2293 frag.
1163 2248 1234 2283 152
1270 2246 1325 2283 ed.
1352 2246 1470 2289 Mun„
1510 2258 1617 2293 quem
1641 2246 1748 2283 Diod.

148 2305 248 2349 XVI,
276 2306 321 2342 16
346 2309 492 2344 secutus
518 2310 586 2351 est,
613 2308 710 2345 solus
736 2307 842 2345 nobis
867 2308 979 2345 refert
1005 2308 1224 2351 Philistum,
1264 2319 1374 2355 quum
1400 2307 1507 2344 navis
1537 2308 1617 2344 eius
1643 2310 1749 2355 capta

147 2370 253 2410 esset,
280 2370 395 2404 semet
420 2369 491 2415 ipsi
516 2381 665 2406 manum
702 2370 883 2413 intulisse,
922 2372 966 2407 ut
992 2369 1222 2416 opprobrium
1262 2370 1301 2405 et
1338 2370 1522 2406 cruciatus
1560 2370 1747 2416 effugeret,

148 2438 239 2473 quae
265 2429 386 2463 omnia
412 2429 569 2474 captivis
595 2430 770 2476 applicari
796 2430 926 2466 solent.
979 2430 1149 2465 Timaeus
1186 2431 1313 2465 autem
1351 2431 1390 2465 et
1424 2429 1646 2471 Timonides,
1685 2430 1748 2476 qui

146 2489 219 2524 toti
244 2487 418 2525 interfuit
443 2489 680 2536 expeditioni,
720 2502 897 2538 quemque
923 2491 1022 2527 Plut.
1049 2490 1088 2527 11.
1117 2491 1294 2538 sequitur,
1334 2502 1417 2527 eum
1443 2491 1567 2527 vivum
1592 2502 1614 2526 a
1639 2491 1748 2538 Syra-

147 2548 290 2583 cusanis
316 2560 456 2584 summa
482 2549 702 2585 crudelitate
728 2561 803 2586 esse
830 2551 1001 2586 affectum
1027 2550 1192 2586 tradunt.
1255 2550 1378 2596 Atque
1404 2550 1497 2585 113110
1530 2550 1575 2585 ob
1602 2560 1747 2586 03333111

146 2607 335 2654 vituperat
360 2609 581 2645 Plutarchus
609 2609 756 2656 quidem
781 2610 1103 2657 Ephorum,·1nea
1137 2622 1221 2647 vero
1253 2611 1440 2647 sententia
1477 2609 1576 2646 haud
1601 2611 1657 2647 ita
1682 2622 1747 2647 suo

145 2667 234 2709 iure,
262 2679 383 2714 quum,
410 2669 614 2705 Philistum
639 2670 686 2705 ab
698 2657 878 2706 ‘omnibus
904 2671 979 2706 suis
1006 2670 1222 2707 derelictum
1248 2671 1319 2707 sibi
1349 2673 1503 2708 mortem
1529 2673 1747 2708 consciscere

146 2729 319 2772 tentasse,
346 2728 409 2765 sed
435 2730 603 2777 quamvis
628 2730 873 2774 vulneratum,
911 2733 1037 2769 tamen
1062 2743 1135 2768 nou
1171 2743 1315 2778 prorsus
1340 2732 1547 2768 exanimum
1572 2733 1613 2769 in
1638 2733 1746 2780 Syra-

144 2799 358 2825 cusanorum
395 2801 524 2827 manus
561 2792 716 2835 venisse,
755 2794 793 2828 et
836 2794 925 2828 tunc
963 2804 1089 2839 corpus
1127 2792 1380 2829 semianimum
1409 2794 1632 2830 contumelia
1668 2805 1745 2831 esse

144 2848 327 2894 affectum,
353 2850 451 2887 nihil
476 2851 538 2895 sit,
564 2852 626 2888 0111
651 2853 815 2889 statuere
840 2851 997 2890 dubites.
