1916 3085
944 101 1004 151 20

163 235 285 271 cusas
332 225 629 284 applicuisset,
672 225 901 286 Dionysius
931 227 1150 273 triremem
1182 228 1332 273 ornatu
1372 228 1489 287 regio
1526 222 1778 275 instructam

164 300 412 345 adventanti
450 300 620 345 obviam
659 301 801 354 misit3
850 314 1069 359 egressum
1110 315 1207 347 vero
1254 301 1419 347 triremi
1460 303 1504 346 et
1534 303 1578 347 in
1609 316 1777 348 currum

164 386 260 418 cum
291 373 402 418 albis
433 372 654 431 quadrigis
685 374 929 431 impositum
960 374 1189 433 Dionysius
1219 388 1291 420 rex
1321 375 1412 431 ipse
1432 375 1627 433 aurigam
1646 388 1777 435 agens

164 459 329 491 summa
370 459 466 491 cum
504 459 656 502 pompa
694 460 939 504 summoque
970 447 1189 504 splendore
1220 448 1275 492 ad
1305 448 1468 506 regiam
1500 448 1685 504 deduxit,
1718 450 1779 494 ita

162 520 212 563 ut
242 519 309 564 vir
341 518 624 577 Syracusanus
654 519 768 564 haud
799 520 999 578 ignobilis
1030 519 1282 565 exclamasse
1313 519 1495 566 dicatur:

354 597 487 649 Μέγα
518 589 558 636 δ’
558 595 714 652 ἔβραχε
744 590 917 653 φήγινος
947 591 1065 646 ἄξων

350 662 608 725 Βριθοσύνῃ
638 664 783 711 δεινὸν
814 664 894 726 γάρ
925 663 1028 723 ἄγεν
1059 665 1215 724 βροτόν
1247 664 1389 727 ἄνδρα
1419 663 1458 711 τ’
1489 663 1744 727 biga-avom).

163 739 390 797 Dionysius
421 739 565 783 autem
595 739 814 796 tamquam
846 752 1003 784 numen
1044 739 1213 796 aliquod
1246 740 1469 797 Syracusas
1510 740 1777 785 adventasset

163 812 370 858 sacrificia
400 812 624 865 celebrare,
657 812 849 857 convivia
878 812 1054 857 honesta
1085 812 1269 857 indicere
1301 813 1425 869 atque
1457 813 1501 857 in
1532 826 1674 858 omnes
1704 813 1776 858 be-

162 885 420 943 nignitatem
456 884 675 929 ostendere
716 885 863 941 coepit.
927 885 1050 929 Plato
1090 884 1340 941 Dionysium
1380 886 1543 930 invenit
1578 886 1776 943 juvenem

164 959 306 1004 animo
337 957 525 1003 nondum
555 971 724 1015 prorsus
763 959 1005 1015 corruptum
1038 957 1110 1002 sed
1142 958 1196 1002 ad
1227 958 1433 1016 ingenuas
1463 959 1775 1016 praeclarasque

163 1045 230 1076 res
260 1031 453 1083 facilem;
495 1032 619 1087 atque
666 1032 890 1076 etiamtum
928 1024 1039 1088 apud
1081 1044 1176 1074 eum
1206 1031 1353 1075 laudes
1383 1031 1436 1075 de
1466 1032 1641 1089 tyranno
1687 1032 1775 1089 legi

162 1105 351 1162 possunt.
415 1104 522 1149 Tota
552 1118 598 1149 re
629 1118 729 1150 vera
762 1105 910 1150 domus
941 1105 1061 1162 regia
1091 1105 1328 1161 permutata
1375 1106 1462 1159 est,
1509 1105 1662 1151 ablatis
1703 1118 1774 1151 vo-

169 1178 409 1235 luptatibus
454 1178 498 1222 et
539 1177 676 1232 ludis,
718 1177 875 1234 pudore
915 1191 965 1222 ac
997 1177 1230 1233 disciplinis
1261 1177 1483 1231 restitutis,
1515 1177 1616 1234 quin
1648 1178 1776 1223 etiam

163 1349 282 1387 filium
307 1348 411 1386 nullo
437 1348 636 1385 resistente
662 1347 887 1385 successisse.
938 1347 1058 1393 Quum
1084 1358 1187 1391 vero,
1225 1358 1318 1395 quae
1343 1347 1450 1385 nobis
1476 1348 1670 1396 scriptores
1694 1359 1773 1396 pro·

163 1410 349 1453 diderunt,
377 1411 544 1446 accurate
569 1409 782 1455 perlegeris,
810 1408 883 1445 tibi
907 1419 1117 1455 persuasum
1135 1408 1299 1452 habebis,
1326 1409 1521 1445 Platonem
1545 1410 1654 1456 paulo
1678 1412 1773 1456 post,

164 1462 276 1518 quum
300 1470 501 1517 Dionysius
526 1470 707 1516 posterior
732 1479 887 1515 regnum
921 1468 1076 1516 adeptus
1107 1471 1221 1512 esset,
1255 1469 1451 1506 secundum
1477 1469 1676 1516 Syracusas
1700 1470 1773 1506 iter

164 1531 305 1568 fecisse.
344 1530 400 1568 Of.
434 1529 541 1567 Corn.
573 1529 666 1577 Nep.
704 1529 813 1567 Dion.
847 1540 876 1566 c.
903 1531 938 1567 3.
977 1530 1087 1566 Plato
1119 1541 1174 1576 ep.
1201 1529 1272 1566 111.
1299 1541 1334 1577 p.
1360 1531 1432 1567 316
1457 1529 1495 1568 C.
1522 1530 1606 1567 VII.
1632 1530 1702 1567 327
1727 1530 1772 1567 D.

165 1591 275 1638 Diog.
301 1590 425 1627 Laert.
450 1590 522 1634 ΠΙ,
549 1590 606 1627 15.
633 1588 765 1627 Euseb.
792 1590 948 1627 chronic.
974 1600 1009 1636 p.
1036 1591 1117 1626 112.
1144 1588 1277 1625 Aelian
1304 1600 1337 1625 v.
1352 1589 1389 1632 h,
1402 1589 1467 1633 IV,
1482 1589 1539 1627 18.
1565 1589 1772 1636 Hegesand.

165 1664 223 1700 ap.
249 1652 386 1689 Athen.
411 1651 477 1688 XI.
503 1662 537 1698 p.
566 1651 647 1688 116.
673 1650 773 1687 Plut.
799 1650 897 1687 Dion
923 1660 952 1687 c.
980 1651 1037 1687 13.
1063 1650 1196 1697 Itaque
1216 1650 1386 1686 Platonis
1411 1650 1569 1687 alterum
1587 1649 1774 1697 Syracusis

166 1713 367 1749 adventum
392 1713 433 1748 in
457 1713 583 1747 aetate
609 1722 641 1747 a.
668 1712 738 1748 367
764 1726 815 1743 τ-
840 1710 896 1747 01.
924 1712 1007 1753 103,
1034 1712 1057 1747 2
1082 1710 1291 1757 ponendum
1317 1721 1395 1746 esse
1420 1722 1557 1747 censeo.
1584 1710 1639 1748 Cf.
1657 1710 1772 1748 Clint.

165 1773 269 1810 Fast.
295 1772 393 1810 Hell.
432 1771 491 1809 ad.
517 1783 550 1809 a.
577 1772 648 1808 367
676 1773 714 1808 et
740 1772 867 1808 annot.
906 1770 1073 1808 Barthel.
1112 1769 1159 1807 ad
1197 1781 1338 1817 voyage
1370 1769 1546 1808 d'Anach.
1584 1771 1686 1818 chap.
1712 1771 1772 1815 33,

166 1835 230 1882 qui
256 1845 344 1879 ergo
383 1833 477 1870 falso
503 1833 700 1869 Platonem
725 1843 758 1869 a.
785 1832 858 1869 364
895 1830 1041 1868 demum
1078 1832 1214 1868 iterum
1239 1831 1435 1878 Syracusas
1471 1843 1655 1869 reversum
1680 1832 1772 1877 vult,

167 1893 365 1931 dictitans:
404 1892 454 1929 Et
493 1903 631 1929 comme
668 1892 697 1928 il
728 1893 850 1939 parait
887 1902 954 1938 par
990 1891 1043 1927 les
1076 1891 1208 1927 lettres
1245 1890 1291 1927 de
1321 1890 1457 1927 Platon
1484 1892 1574 1939 qu'il
1604 1902 1651 1928 ne
1685 1892 1773 1929 s'est

165 1954 287 1992 eccule
313 1964 383 2002 que
415 1952 509 1990 deux
534 1964 581 1990 ou
617 1953 709 1990 trois
746 1964 813 1990 ans
845 1954 950 1989 entre
988 1951 1026 1989 la
1056 1952 1108 1989 fin
1141 1950 1186 1988 de
1224 1962 1290 1989 son
1327 1950 1460 1988 second
1498 1962 1640 2000 voyage
1674 1954 1714 1990 et
1736 1952 1772 1990 le

165 2016 474 2051 commencement
499 2012 548 2049 du
573 2013 778 2057 troisierne,
811 2024 858 2050 on
888 2016 978 2061 peut
1011 2014 1133 2060 placer
1164 2014 1199 2050 le
1231 2012 1364 2050 second
1396 2012 1417 2049 a
1442 2013 1517 2049 l'an
1543 2015 1615 2050 364
1657 2017 1773 2051 avant

164 2074 199 2113 J.
227 2073 312 2113 Chr.
339 2073 436 2122 quod
462 2074 578 2111 etiam
603 2072 689 2111 inde
714 2074 898 2122 sequitur,
930 2074 1027 2122 quod
1051 2074 1225 2118 Dionem,
1261 2073 1324 2121 qui
1354 2075 1439 2120 post
1470 2073 1638 2111 Platonis
1663 2074 1771 2122 Syra—

164 2138 260 2175 cusis
285 2136 487 2173 adventum
527 2135 698 2183 expulsus
737 2137 811 2180 est,
848 2147 880 2173 a.
906 2137 980 2173 366
1017 2135 1091 2172 iam
1129 2135 1169 2172 in
1194 2135 1444 2182 Peloponneso
1483 2137 1669 2173 versatum
1694 2147 1771 2174 esse

164 2200 321 2235 constat.
348 2196 404 2235 ef.
430 2196 528 2233 infra
552 2208 587 2243 p.
614 2198 662 2234 29
687 2208 772 2233 aun.
798 2197 857 2233 25.

265 2259 312 2305 ¹⁶)
337 2257 393 2296 cf.
420 2257 553 2294 Aelian
580 2269 613 2294 v.
639 2257 676 2294 h.
706 2257 767 2301 tv,
796 2258 853 2294 18.
878 2256 980 2293 Plut.
1006 2256 1114 2293 Dion.
1141 2268 1171 2293 c.
1199 2257 1273 2304 13.ῥ
1307 2256 1362 2294 Cf.
1389 2255 1520 2293 deinde
1544 2256 1652 2295 Corn.
1677 2257 1769 2305 Nep.

163 2319 262 2357 Dion
288 2329 317 2355 c.
343 2320 377 2355 2.
405 2317 506 2354 Solin
532 2329 567 2364 p.
594 2318 653 2361 32,
681 2318 715 2359 6,
742 2318 806 2365 qui
832 2328 1066 2365 quaecunque
1093 2316 1293 2354 tradiderit
1318 2329 1337 2354 e
1355 2317 1478 2354 Plinio
1496 2317 1633 2361 hausit,
1659 2320 1770 2366 atque

162 2381 262 2418 Plin.
287 2380 326 2417 h.
351 2390 389 2416 n.
414 2378 498 2415 VII.
526 2390 555 2415 c.
581 2380 646 2422 30,
685 2379 750 2426 qui
788 2377 883 2415 hane
920 2377 1156 2415 ambitiosam
1194 2378 1448 2416 deductionem
1480 2378 1527 2415 ad
1551 2379 1770 2426 Dionysium

163 2442 340 2479 maiorem
357 2439 534 2477 referunt.
577 2439 633 2476 De
650 2450 781 2486 pompa
806 2438 976 2476 adhibita
1002 2442 1128 2477 autem
1145 2441 1183 2476 in
1196 2440 1367 2477 Platonis
1392 2439 1554 2477 adventu
1572 2438 1619 2476 ad
1630 2439 1769 2488 Diony·

164 2502 258 2538 sium
283 2501 460 2537 maiorem
484 2510 552 2536 nec
576 2499 698 2543 Plato,
723 2499 831 2545 Diog.
859 2499 982 2544 Laert,
1021 2500 1135 2544 Plut.,
1162 2500 1313 2544 Aelian,
1352 2511 1419 2537 nec
1444 2500 1540 2536 alius
1565 2500 1768 2548 quisquam,

164 2563 346 2609 quantum
372 2561 495 2604 sciam,
522 2559 666 2608 aliquid
694 2559 861 2605 tradidit,
888 2560 952 2598 sed
978 2563 1126 2599 tantum
1152 2573 1174 2599 a
1191 2561 1370 2609 Dionysio
1388 2561 1525 2599 maiore
1543 2562 1768 2607 arcessitum,

162 2622 281 2660 Dione
306 2624 447 2666 orante,
485 2622 678 2659 Platonem
708 2621 905 2669 Syracusas
930 2624 1084 2661 venisse.
1134 2623 1179 2661 In
1205 2635 1247 2661 eo
1272 2634 1358 2660 vero
1383 2623 1619 2661 consentiunt
1644 2626 1769 2662 aucto-

163 2695 220 2721 res
245 2684 371 2727 ceteri,
396 2683 617 2730 Dionysium
644 2683 824 2720 minorem
848 2685 977 2731 primo,
1015 2685 1135 2722 Dione
1172 2683 1427 2731 persuadente,
1465 2682 1551 2721 dein
1575 2687 1705 2732 sponte
1729 2687 1770 2723 et

162 2746 303 2782 litteris
341 2747 380 2781 et
416 2743 585 2792 precibus
609 2744 806 2781 Platonem
832 2744 1030 2793 Syracusas
1068 2745 1284 2789 advocasse,
1322 2744 1542 2782 advocatum
1580 2744 1769 2793 splendide

163 2807 363 2854 excepisse,
403 2817 513 2854 quare
539 2817 667 2843 censeo
703 2806 750 2844 ab
788 2806 866 2844 illis
891 2807 1132 2855 scriptoribus
1169 2807 1376 2845 sententias
1413 2818 1491 2846 esse
1529 2807 1698 2850 confusas
1729 2809 1770 2847 et

162 2866 240 2906 filio
265 2865 503 2904 tribuendum
528 2877 619 2913 esse,
646 2865 743 2916 quod
767 2867 868 2918 patri
893 2867 1083 2908 tribuitur.
