1916 3085
943 79 1002 128 48

162 217 232 250 mo
262 204 404 250 affecit
434 217 517 249 non
549 204 686 249 solum
718 203 878 257 dolore,
915 216 1060 248 verum
1092 204 1224 249 etiam
1253 205 1418 251 timore.
1482 207 1573 264 Quo
1607 208 1769 255 factum

163 280 240 331 est,
274 279 322 322 ut
352 278 477 330 Dion,
511 290 654 334 quum,
688 267 945 321 aemulatore
962 289 984 320 e
1015 276 1154 321 medio
1184 277 1363 332 sublato,
1395 281 1633 340 principatu
1663 282 1769 328 libe-

161 353 248 397 rius
270 352 532 408 fungeretur,
565 350 863 407 conjuratione,
899 349 1088 406 Callippo
1121 350 1196 395 illo
1223 351 1341 405 duce,
1374 353 1494 408 inita,
1529 357 1768 413 saepissime

160 426 213 469 ab
246 423 395 469 amicis
427 423 611 479 quidem,
645 423 694 466 ut
724 422 807 468 sibi
837 435 863 465 a
894 421 1071 478 pristino
1103 423 1266 479 hospite
1291 437 1341 468 ac
1362 424 1566 471 familiari
1587 429 1767 483 caveret,

160 499 233 542 sed
264 497 424 541 frustra
455 496 639 540 monitus
670 509 696 538 a
728 494 991 551 Zacynthiis,
1032 508 1134 551 quos
1175 497 1249 540 ille
1280 498 1551 553 conduxerat,
1597 501 1768 545 Proser-

159 572 281 628 pinae
324 569 391 613 die
429 568 537 612 festo
574 569 620 611 in
664 567 785 611 domo
826 580 901 611 sua
933 567 1258 612 interficeretur.
1305 568 1371 614 Ol.
1415 571 1808 631 106,3=253²¹).1-

159 642 410 702 Syracusani
450 641 597 685 Dionis
639 641 790 693 morte,
846 654 975 697 quum
1012 640 1255 685 libertatem
1287 643 1380 699 jam
1423 644 1684 689 deminutam
1721 658 1765 690 se

157 716 472 774 recuperaturos
504 727 592 758 esse
624 714 840 770 sperarent
871 713 995 758 valde
1026 728 1070 758 se
1092 714 1284 771 deceptos
1306 719 1601 774 cognoverunt,
1635 732 1764 776 quum

158 790 375 844 Callippus
413 788 583 839 statim,
623 787 930 839 Aristomache,
971 787 1117 831 Dionis
1151 801 1299 841 sorore,
1339 803 1422 833 una
1459 804 1555 834 cum
1586 792 1764 848 gravida

157 874 281 906 uxore
313 860 457 913 Arete,
491 872 618 916 quae,
651 872 782 915 quum
812 859 959 915 partus
997 859 1189 914 instaret,
1231 861 1356 918 paulo
1392 864 1486 919 post
1523 864 1659 909 filium
1690 879 1764 923 ge-

155 1079 242 1116 dum
267 1089 345 1115 esse
370 1079 553 1124 putamus,
593 1076 656 1123 qui
682 1076 754 1112 sibi
778 1076 911 1112 Dionis
936 1077 1054 1113 vitam
1092 1079 1297 1115 accuratius
1327 1078 1603 1118 describendam
1633 1093 1760 1130 propo·

155 1140 241 1176 suit.
293 1137 365 1175 Sed
389 1138 478 1174 haec
504 1136 609 1173 nobis
635 1135 804 1173 addenda
830 1136 1015 1180 videntur,
1047 1137 1253 1175 Heraclidis
1279 1141 1434 1176 mortem
1460 1141 1501 1176 in
1527 1141 1606 1178 vita
1630 1142 1760 1179 Dionis

154 1210 232 1236 esse
257 1198 450 1240 maculam,
478 1207 588 1244 quam
613 1208 719 1233 nemo
745 1208 810 1233 nec
836 1198 951 1233 etiam
977 1197 1216 1242 Plutarchus,
1254 1198 1344 1237 licet
1369 1212 1503 1247 magno
1529 1213 1610 1238 cum
1636 1202 1759 1240 studio

154 1271 196 1296 ac
221 1260 379 1296 caritate
405 1258 449 1294 de
474 1258 593 1293 Dione
620 1256 766 1300 dixerit,
793 1258 912 1293 eluere
937 1259 1070 1304 potest.
1094 1254 1097 1256 ’
1134 1259 1258 1305 Atque
1282 1262 1480 1308 unicuique
1504 1262 1599 1298 hanc
1624 1263 1758 1308 agendi

153 1321 335 1358 rationem
360 1319 546 1366 spectanti
571 1318 687 1355 etiam
712 1318 833 1354 invito
859 1318 1047 1355 sententia
1072 1318 1284 1357 obtruditur
1308 1333 1401 1365 eum,
1441 1324 1626 1369 quamvis,
1665 1335 1757 1371 quae

154 1381 198 1419 de
223 1381 346 1428 patria
372 1380 512 1424 fecerit,
538 1390 726 1427 nunquam
750 1380 855 1426 parvi
881 1380 959 1416 sint
984 1380 1226 1425 aestimanda,
1252 1392 1326 1418 non
1351 1384 1430 1419 tam
1455 1382 1691 1430 benignitate
1717 1395 1757 1421 ac

152 1442 476 1488 magnanimitate,
519 1451 629 1488 quam
667 1440 838 1486 superbia
878 1441 1157 1488 insolentiaque,
1197 1442 1250 1486 ei,
1289 1445 1333 1479 ut
1357 1444 1432 1479 iam
1470 1456 1578 1491 supra
1604 1444 1755 1489 dictum,

153 1504 295 1545 innata,
323 1501 474 1538 ductum
500 1502 551 1537 sic
577 1501 708 1546 egisse,
745 1503 790 1537 ut
814 1502 989 1537 maiorem
1015 1503 1292 1546 auctoritatem,
1333 1504 1506 1540 maiorem
1544 1504 1758 1541 admiratio—

153 1575 239 1600 nem
263 1561 361 1609 apud
385 1561 558 1609 populum
583 1560 847 1608 adipisceretur
885 1561 1028 1609 sibique
1062 1563 1128 1599 hoc
1153 1562 1259 1599 modo
1286 1564 1383 1600 viam
1408 1564 1455 1600 ad
1486 1565 1679 1612 imperium
1704 1565 1758 1602 fa-

153 1625 260 1660 cilius
286 1625 456 1659 strueret.
509 1623 604 1657 Sane
630 1622 778 1668 quidem
817 1622 1083 1658 concedendum
1109 1634 1186 1658 esse
1224 1626 1313 1669 puto
1339 1625 1446 1660 illum
1472 1637 1545 1661 non
1570 1626 1610 1661 in
1635 1627 1757 1662 animo

152 1684 323 1721 habuisse
348 1681 584 1731 tyrannidem
610 1693 629 1718 e
654 1682 914 1730 Dionysiorum
940 1684 1102 1730 exemplo
1129 1684 1363 1728 constituere,
1390 1696 1518 1721 verum
1537 1685 1757 1733 reipublicae

151 1745 317 1788 formam,
344 1755 436 1791 quae
462 1755 505 1780 ex
530 1743 677 1781 Cretica
702 1745 742 1779 et
767 1742 946 1779 Laconica
983 1744 1100 1780 mixta
1126 1746 1225 1787 erat,
1264 1744 1320 1780 ita
1357 1747 1401 1782 ut
1426 1746 1503 1792 ipse
1540 1757 1601 1783 rex
1625 1747 1756 1794 populo

151 1805 466 1853 optimatibusque
491 1804 636 1851 aliquot
660 1803 873 1840 concederet
897 1804 996 1847 iura,
1022 1804 1061 1840 id
1087 1806 1155 1847 est,
1181 1807 1225 1840 ut
1249 1805 1459 1851 legitimum
1485 1817 1526 1842 ac
1550 1807 1757 1844 modestum

150 1867 394 1903 constitueret
418 1865 674 1912 principatum.
727 1864 833 1901 Licet
869 1864 990 1911 igitur
1023 1864 1128 1902 Corn.
1156 1864 1247 1912 Nep.
1287 1866 1325 1902 in
1351 1866 1481 1903 Dionis
1519 1868 1599 1904 vita
1624 1867 1756 1906 descri-

149 1926 269 1964 benda
294 1926 417 1962 forsan
442 1925 608 1962 acerbius
646 1925 691 1961 de
729 1926 832 1961 illius
858 1925 1057 1972 occupandi
1097 1927 1243 1972 imperii
1280 1927 1402 1963 studio
1441 1927 1591 1971 iudicet,
1630 1932 1755 1965 tamen

148 1986 332 2024 Plassium
357 1986 408 2023 11.
435 1997 469 2033 p.
497 1987 580 2030 259,
606 1986 670 2033 qui
695 1985 852 2022 Dionem
878 1985 1068 2033 tyrannidi
1094 1996 1165 2022 non
1193 1985 1376 2023 studuisse
1402 1988 1605 2032 confirmat,
1631 1992 1755 2026 aucto·

148 2060 225 2086 rem
250 2049 353 2095 sequi
379 2058 452 2083 non
477 2058 633 2093 possum.
659 2046 716 2084 cf.
743 2047 843 2083 Plut.
871 2046 968 2083 Dion
994 2058 1022 2084 c.
1051 2047 1109 2090 52,
1136 2048 1195 2084 53.
1228 2047 1334 2085 Corn.
1361 2048 1452 2095 Nep.
1479 2049 1577 2085 Dion
1602 2061 1631 2086 c.
1659 2052 1692 2093 5,
1720 2052 1752 2087 (3.

148 2107 262 2146 Grote
287 2107 352 2145 VI.
378 2119 413 2155 p.
440 2107 498 2145 97.

247 2170 293 2217 ²¹)
319 2170 417 2206 Nam
443 2168 498 2206 01.
529 2170 610 2213 106,
638 2170 661 2206 3
686 2168 941 2215 complectitur
972 2169 1147 2206 ultimum
1178 2170 1267 2206 anni
1292 2170 1365 2206 354
1389 2169 1585 2208 dimidium
1617 2174 1656 2208 et
1680 2174 1753 2220 pri-

147 2242 247 2266 mum
273 2231 362 2266 anni
387 2231 470 2267 353.
498 2229 552 2267 Cf.
582 2229 688 2267 Corn.
714 2229 806 2276 Nep.
834 2229 930 2266 Dion
956 2241 984 2266 c.
1015 2231 1072 2272 10,
1099 2230 1163 2266 ubi
1189 2229 1281 2266 dicit
1297 2230 1452 2266 Dionem
1478 2232 1623 2269 circiter
1648 2234 1752 2280 quin-

146 2292 329 2340 quaginta
355 2294 517 2340 quinque
541 2303 657 2328 annos
675 2293 815 2333 natum,
843 2293 1014 2340 quartum
1039 2293 1123 2337 post
1140 2303 1286 2335 annum,
1314 2303 1421 2339 quam
1448 2304 1490 2329 ex
1506 2293 1752 2342 Peloponneso

145 2353 185 2389 in
225 2353 392 2389 Siciliam
429 2352 600 2395 redierit,
639 2352 738 2388 diem
775 2362 980 2397 supremum
1020 2352 1162 2389 obiisse.
1227 2352 1347 2396 Quum
1384 2356 1509 2390 autem
1545 2355 1642 2391 Dion
1680 2356 1751 2393 357

144 2424 309 2450 reversus
335 2413 385 2449 sit
411 2424 495 2449 eum
520 2424 552 2449 a.
580 2413 652 2450 353
678 2423 755 2448 esse
781 2413 967 2452 mortuum
992 2414 1154 2459 apparet.
1191 2412 1246 2450 Cf.
1273 2413 1380 2451 Diod.
1407 2415 1507 2458 XVI,
1535 2416 1591 2452 31.
1619 2415 1750 2453 Euseb.

144 2475 266 2512 chron.
295 2486 328 2521 p.
359 2475 440 2517 112,
467 2474 543 2518 ubi,
572 2477 616 2511 ut
641 2484 748 2520 saepe
774 2473 859 2509 aliis
885 2472 992 2513 locis.
1019 2473 1111 2509 falso
1137 2474 1337 2521 Dionysius
1362 2487 1427 2522 pro
1451 2476 1570 2512 Dione
1595 2477 1751 2524 scriptus

143 2537 212 2578 est,
239 2537 279 2571 et
304 2535 516 2581 Hieronym.
545 2535 749 2571 versionem
776 2534 868 2573 ibid.
895 2534 995 2571 Plut.
1024 2535 1120 2571 Dion
1146 2547 1175 2580 c,
1203 2537 1365 2579 53-57,
1393 2537 1456 2583 qui
1481 2537 1611 2573 mortis
1636 2538 1751 2574 ratio-

142 2606 227 2632 nem
253 2594 369 2631 fusius
395 2594 597 2642 descripsit.
626 2595 747 2631 Plut.:
785 2594 829 2632 de
855 2595 939 2642 pud.
969 2596 1034 2633 vit.
1063 2607 1090 2632 c.
1118 2596 1152 2633 4.
1180 2596 1317 2634 Athen.
1336 2598 1400 2634 XI.
1429 2609 1457 2634 c.
1488 2599 1566 2635 119.
1594 2597 1748 2636 Aristot.

142 2666 201 2692 ars
226 2656 320 2692 rhet.
349 2656 379 2698 Ι,
409 2657 464 2691 12.
492 2656 573 2691 Val.
602 2656 697 2692 Max.
725 2656 796 2698 ΙΙΙ,
815 2658 838 2692 8
857 2658 946 2692 extr.
963 2657 995 2692 5.
1024 2657 1122 2692 Plut.
1151 2658 1231 2694 Nic.
1252 2669 1280 2693 c.
1298 2658 1353 2694 14.
1382 2659 1481 2694 Plut.
1503 2658 1546 2694 de
1564 2658 1748 2705 Apophth.

142 2727 176 2764 p.
206 2717 286 2754 702.
326 2715 381 2753 Cf.
409 2717 524 2753 etiam
550 2716 656 2754 Corn.
691 2716 782 2764 Nep.
811 2717 909 2753 Dion
934 2719 1066 2761 8—10‚
1106 2718 1170 2765 qui
1208 2718 1307 2755 solus
1341 2729 1405 2765 pro
1437 2718 1604 2766 Callippo
1637 2718 1750 2756 Calli-

143 2780 281 2815 cratem
307 2775 485 2822 tradidit,
524 2777 639 2826 quod,
680 2790 790 2826 quum
817 2790 940 2815 omnes
965 2779 1163 2826 scriptores
1188 2779 1424 2816 consentiant
1449 2782 1514 2817 aut
1540 2790 1658 2817 errore
1684 2780 1751 2815 aut

142 2839 375 2880 librariorum
403 2840 497 2877 vitio
522 2839 662 2877 factum
688 2851 764 2877 esse
789 2842 891 2889 puto.
918 2839 1024 2879 Corn.
1052 2841 1142 2890 Nep.
1171 2841 1302 2879 Timol.
1329 2852 1357 2881 c.
1385 2842 1418 2880 2.
