1916 3085
885 134 945 183 54

108 254 247 312 geret,
280 268 436 313 magno
466 256 641 303 affectus
673 257 737 303 est
775 257 916 304 dolore
947 272 997 305 ac
1026 259 1104 305 ira.
1168 260 1251 307 Sed
1283 259 1713 321 Carthaginiensibus,

108 329 356 385 quibuscum
403 332 572 388 propter
611 332 738 390 longe
786 333 988 378 'maiorem
1037 335 1210 379 navium
1257 348 1477 380 numerum
1526 348 1713 394 pugnam

109 403 370 447 committere
401 418 528 449 ausus
559 419 641 450 non
662 407 738 459 est,
771 420 913 463 quum,
946 421 998 451 ne
1029 409 1074 451 in
1106 408 1295 453 Siciliam
1316 409 1490 461 veniret,
1520 422 1615 453 cum
1635 409 1715 454 tri-

108 476 231 533 ginta
262 477 506 522 triremibus
538 479 593 522 ad
625 479 838 536 Rhegium
870 481 1131 537 appulissent
1152 481 1384 538 Italiaeque
1411 494 1526 525 oram
1547 482 1715 526 tueren-

107 549 191 602 tur,
226 550 320 594 dolo
351 552 523 607 arteque
555 553 708 596 bellica
740 554 875 597 evasit
906 554 949 597 et
981 567 1075 598 cum
1108 555 1251 599 decem
1282 554 1459 599 navibus
1490 554 1714 599 incolumis

108 622 434 667 Tauromenium
464 625 718 680 provehitur,
742 626 815 670 ubi
836 627 888 670 ab
909 627 1033 671 huius
1055 628 1171 672 urbis
1191 628 1378 684 principe
1404 627 1711 680 Andromacho,

109 695 271 740 Timaei
302 697 493 741 historici
523 698 656 754 patre,
688 699 870 757 benigne
903 714 997 745 cum
1029 701 1115 745 suis
1146 702 1340 758 exceptus
1373 701 1448 746 est.
1513 699 1723 745 Simulat-·

109 782 187 826 que
235 769 605 828 Carthaginienses
651 787 694 817 se
739 773 888 817 fraude
928 773 1120 830 deceptos
1168 788 1256 818 esse
1294 774 1491 819 viderunt
1529 774 1715 831 graviter

108 843 254 887 offensi
284 857 358 900 per
389 845 552 902 legatos
584 846 637 889 ad
659 846 1000 891 Andromachum
1021 848 1168 892 missos
1190 847 1258 891 illi
1280 847 1569 892 crudelissima
1588 859 1714 903 quae-

108 929 188 972 que
219 917 453 969 minantur,
494 918 593 961 dum
631 920 758 963 simul
798 920 988 973 Hicetas,
1037 921 1309 964 Timoleontis
1343 921 1525 964 transitu
1557 919 1711 972 audito,

108 989 280 1043 veritus,
312 1002 365 1033 ne
397 1003 445 1033 ex
475 991 700 1048 improviso
732 994 1047 1049 opprimeretur,
1082 983 1215 1038 denuo
1247 993 1405 1038 multas
1437 993 1490 1037 ad
1521 993 1715 1038 obsiden-

113 1062 209 1107 dam
244 1062 468 1127 Ortygiam
499 1066 718 1109 arcessivit
750 1065 1162 1123 Carthaginiensium
1193 1064 1377 1124 navesss).

231 1136 300 1183 Sic
338 1138 430 1182 erat
467 1138 683 1183 Timoleon
714 1140 858 1196 procul
895 1140 1033 1196 patria
1064 1153 1159 1184 cum
1196 1139 1340 1196 paucis
1379 1139 1464 1183 suis
1501 1137 1630 1194 copiis
1669 1137 1714 1181 in

108 1222 153 1253 re
185 1211 365 1254 maxime
405 1211 639 1267 desperata.
710 1213 823 1256 Nam
862 1226 989 1268 quum
1029 1213 1163 1258 Siculi
1200 1211 1612 1268 Carthaginiensium
1649 1212 1714 1254 in-

108 1283 280 1339 gentem
312 1283 511 1337 classem,
550 1285 802 1329 immensum
841 1286 1086 1338 exercitum,
1121 1298 1297 1341 quocum
1335 1286 1508 1336 Hanno,
1543 1284 1712 1328 Entella

108 1355 245 1410 capta,
279 1354 587 1411 Galarinisque,
621 1358 694 1413 qui
724 1357 790 1401 illi
820 1358 916 1401 urbi
946 1358 1099 1402 auxilio
1126 1358 1330 1411 venirent,
1364 1357 1554 1410 devictis,
1575 1357 1714 1414 magis

107 1427 151 1471 in
183 1427 272 1471 dies
303 1428 522 1485 magisque
553 1430 732 1486 maj0res
763 1431 977 1475 assecutus
1010 1431 1074 1475 est
1105 1443 1332 1483 successus,
1367 1430 1409 1473 et
1442 1430 1615 1473 Hicetae
1647 1442 1714 1473 co-

106 1501 270 1557 piarum
301 1501 620 1546 multitudinem
651 1503 927 1559 adspicerent,
961 1504 1004 1547 et
1036 1503 1290 1560 Syracusani
1321 1503 1364 1546 et
1396 1502 1527 1547 Siculi
1548 1502 1714 1546 omnino

106 1587 255 1630 parum
286 1574 386 1619 fidei
416 1575 637 1632 minusque
668 1577 757 1632 spei
786 1576 841 1620 ad
873 1576 1200 1632 recuperandam
1232 1575 1473 1619 libertatem
1505 1588 1530 1618 a
1556 1575 1711 1630 paucis,

107 1660 237 1703 quum
267 1648 338 1691 vix
369 1648 488 1691 mille
511 1649 661 1701 essent,
686 1649 960 1693 Timoleontis
988 1648 1176 1701 armatis,
1201 1648 1533 1703 desumpserunt.
1566 1647 1713 1702 Itaque

107 1718 233 1763 facile
265 1720 510 1777 intelligere
541 1721 687 1776 possis,
721 1734 794 1764 cur
825 1721 948 1765 initio
981 1722 1032 1772 ei,
1065 1720 1256 1775 quamvis
1289 1734 1332 1764 se
1363 1720 1408 1762 in
1429 1719 1621 1763 Siciliam
1644 1732 1714 1762 ve-

106 1792 218 1835 nisse
258 1792 313 1836 ad
351 1793 621 1849 tyrannidem
663 1793 1010 1849 exstinguendam
1049 1792 1332 1849 divulgasset,
1375 1804 1516 1835 omnes
1554 1802 1643 1835 sese
1675 1791 1713 1834 ei

106 1865 338 1922 adJ‘ungere
371 1866 661 1922 dubitarint9).
728 1865 846 1919 Quod
878 1866 1005 1908 etiam
1022 1865 1236 1908 Timoleon
1266 1864 1379 1908 haud
1401 1865 1614 1920 ignorans,
1648 1876 1714 1906 ce-

105 1937 250 1981 leriter
281 1951 554 1995 prospereque
585 1938 749 1995 agendo
780 1937 892 1981 hunc
913 1936 1106 1981 timorem
1127 1936 1442 1993 animorumque
1463 1935 1714 1992 perplexita-

106 2011 193 2054 tem
227 2011 459 2066 deprimere
492 2012 688 2055 decrevit.
753 2011 901 2066 Itaque
933 2023 1061 2067 quum
1092 2009 1391 2066 Adranitaeff)
1422 2008 1582 2052 mutuis
1603 2007 1714 2051 inter

107 2096 150 2127 se
182 2083 458 2128 seditionibus
490 2084 644 2141 agitati
675 2084 720 2127 in
753 2084 856 2127 duas
889 2082 1177 2127 discessissent
1207 2083 1358 2139 partes,
1382 2095 1558 2139 quarum
1579 2081 1715 2125 altera

109 2170 134 2201 a
169 2157 588 2214 Carthaginiensibus
620 2158 865 2213 Hicetaque,
899 2156 1034 2200 altera
1065 2170 1089 2199 a
1120 2155 1379 2199 Timoleonte
1411 2154 1614 2198 auxilium
1643 2166 1714 2209 pe-

107 2230 220 2284 tivit,
268 2230 483 2275 Timoleon
530 2230 704 2274 minime
752 2230 965 2274 dubitavit
1010 2230 1090 2273 hac
1135 2242 1331 2285 prospera
1378 2229 1442 2272 uti
1486 2227 1711 2272 occasione.

106 2304 245 2359 Atque
278 2318 374 2347 cum
406 2304 615 2347 militibus
649 2303 747 2356 suis,
781 2316 863 2347 non
885 2316 1008 2359 supra
1031 2302 1148 2346 mille
1182 2302 1224 2346 et
1245 2301 1458 2355 ducente&
1492 2299 1713 2346 confestim

106 2378 342 2429 Adranum,
392 2378 501 2433 quod
532 2391 557 2421 a
589 2377 864 2420 Tauromenio
895 2375 1177 2431 quadraginta
1223 2375 1305 2418 duo
1349 2374 1471 2418 milia
1514 2387 1712 2430 passuum
1758 2413 1762 2416 ,

107 2450 253 2503 distat,
286 2450 483 2506 profecto,
514 2450 709 2507 contigit,
742 2449 791 2492 ut
821 2461 903 2492 uno
925 2447 1148 2503 eodemque
1180 2448 1266 2492 fere
1287 2448 1472 2504 tempore
1493 2446 1548 2491 ad
1569 2459 1714 2503 vespe·

106 2538 200 2569 rum
234 2538 328 2569 cum
360 2524 534 2577 Hiceta,
584 2524 653 2579 qui
685 2523 867 2579 quinque
899 2521 1018 2564 milia
1060 2521 1246 2564 militum
1290 2534 1433 2565 secum
1471 2521 1610 2573 duxit,
1658 2520 1713 2563 ad

206 2721 236 2766 ⁸)
263 2720 318 2758 Cf.
345 2719 452 2757 Diod.
480 2720 579 2762 XVI,
607 2720 665 2763 68,
692 2719 749 2755 66.
781 2717 878 2754 Plut.
908 2716 1037 2753 Timol.
1060 2684 1099 2753 '6‘
1127 2715 1257 2752 9-11,

207 2783 236 2828 ⁹)
263 2781 318 2819 Cf.
345 2782 445 2819 Plut.
474 2781 605 2817 Timol.
633 2792 661 2816 c.
691 2783 746 2817 10.
773 2779 880 2816 Diod.
909 2779 1008 2821 XVI,
1035 2779 1092 2815 67.

209 2844 254 2890 ¹⁰)
280 2842 467 2879 Adranum
495 2844 553 2879 est
590 2843 791 2887 angustum
823 2839 1033 2886 oppidulum
1073 2837 1139 2874 sub
1166 2835 1384 2873 occidentali
1409 2835 1546 2872 montis
1572 2832 1713 2870 Aetnae

108 2905 228 2945 radice
255 2905 369 2942 situm
396 2906 435 2941 et
460 2903 525 2941 deo
551 2902 709 2946 Adrano,
736 2913 758 2939 a
784 2913 855 2950 quo
880 2901 1112 2939 nominatum
1137 2904 1205 2947 est,
1231 2909 1383 2935 sacrum.
