1916 3085
930 72 990 120 33

777 300 1135 414 Caputlst

248 455 381 500 Dion
427 456 482 499 in
514 456 752 501 Siciliam
792 468 1037 499 reversus
1082 454 1416 511 tyrannidem
1448 454 1662 502 evertit.

278 563 542 622 Quamquam
577 565 803 622 tyrannus,
844 564 997 621 quanto
1043 563 1088 607 in
1120 563 1306 607 omnium
1345 562 1498 607 animis
1529 562 1617 620 ipse
1648 563 1758 608 esset

156 637 262 691 odio,
296 639 531 695 quantaque
563 639 670 682 esset
702 651 794 695 spes
824 637 915 691 illa,
948 649 1052 693 quae
1083 636 1275 681 omnibus
1306 636 1514 680 lucescere
1535 636 1758 680 videbatur

155 711 304 755 Dionis
335 712 499 765 conatu,
531 725 613 756 non
634 711 858 768 ignoravit,
892 723 1144 766 quamquam
1176 722 1296 754 nemo
1328 709 1464 754 dicere
1495 709 1646 765 potuit,
1676 723 1757 765 qua

155 783 337 838 ratione,
376 784 443 828 vel
474 797 554 840 quo
595 785 780 839 tempore
818 782 1017 827 liberator
1054 782 1234 836 veniret,
1266 783 1407 840 tamen
1421 816 1431 835 ‚
1465 782 1574 838 quod
1605 783 1649 825 in
1680 782 1756 826 hoc

157 869 319 900 summo
348 869 487 911 rerum
520 855 760 901 discrimine
791 855 957 899 omnino
987 855 1265 899 necessarium
1297 856 1407 909 erat,
1455 855 1680 912 Dionysius
1711 854 1756 897 in

155 928 258 973 urbe
279 941 359 973 non
379 928 595 983 remansit,
624 928 709 983 sed,
733 941 860 985 quum
880 928 1035 973 multos
1057 928 1185 973 armis
1207 928 1400 982 exuisset,
1424 941 1520 973 cum
1541 928 1757 986 octaginta

156 1002 345 1056 navibus,
392 1003 547 1047 velutsi
585 1003 686 1046 tunc
717 1002 856 1046 omnia
887 1002 982 1046 tuta
1013 1003 1163 1055 essent,
1197 1003 1446 1055 Timocrate,
1479 1001 1628 1058 prioris
1658 1015 1756 1045 uxo-

154 1076 214 1120 ris
244 1076 391 1121 Dionis
422 1076 620 1134 conJuge,
652 1074 858 1132 praesidio
888 1075 1034 1120 relicto
1048 1109 1058 1129 ,
1092 1075 1315 1133 Syracusas
1348 1074 1531 1119 deseruit
1562 1074 1628 1129 et,
1677 1086 1756 1131 quo

154 1150 339 1204 tempore
380 1149 490 1192 Dion
526 1148 750 1204 applicuit,
794 1148 883 1203 ipse
929 1149 1174 1194 versabatur
1216 1148 1326 1192 circa
1356 1161 1472 1192 mare
1504 1148 1757 1192 adriaticum

156 1222 199 1265 in
230 1221 403 1265 urbibus
435 1234 565 1277 nuper
596 1220 649 1264 ab
682 1233 727 1263 eo
749 1219 1026 1277 exstruet-is1).

278 1294 366 1349 Quo
412 1294 555 1337 audito
602 1294 724 1345 Dion,
773 1305 985 1336 armorum
1031 1293 1142 1336 circa
1190 1288 1370 1347 quinque
1410 1293 1584 1336 milibus
1616 1305 1759 1348 super-

155 1367 329 1423 fluisque
376 1365 550 1410 sarcinis
588 1366 755 1409 Minoae
796 1365 977 1417 relictis,
1018 1377 1122 1420 quae
1155 1364 1351 1421 Synalus‚
1384 1365 1421 1408 si
1451 1365 1618 1421 tempus
1650 1366 1759 1409 esset

155 1440 432 1496 opportunum
478 1437 680 1493 plaustris
726 1438 780 1481 ad
820 1450 863 1481 se
901 1437 1103 1489 mitteret,
1147 1438 1285 1481 castra
1308 1438 1535 1494 Syracusas
1568 1438 1756 1495 movit2).

155 1512 224 1556 Ad
270 1510 608 1568 progredientem
653 1509 823 1554 ducenti
866 1509 1245 1567 Agrigentinorum
1291 1509 1477 1566 equites,
1533 1510 1604 1567 qui
1649 1510 1759 1555 circa

156 1586 383 1630 Ecnomum
415 1584 672 1636 incolebant,
728 1583 990 1635 defecerunt;
1022 1582 1173 1627 deinde
1216 1583 1431 1637 Gelenses,
1477 1583 1758 1638 Camarinaei,

156 1657 409 1715 Madinaeiss)
427 1658 469 1701 et
492 1656 600 1701 aliae
618 1656 785 1701 Siciliae
806 1657 1133 1701 mediterraneae
1156 1657 1350 1702 civitates
1371 1657 1426 1701 ad
1446 1657 1760 1714 adipiscendam

155 1732 398 1775 libertatem
446 1730 575 1774 socios
607 1743 650 1773 se
681 1729 973 1786 adjunxerunt,
1006 1731 1105 1786 quin
1137 1731 1265 1774 etiam
1312 1744 1361 1774 ex
1407 1731 1760 1788 Syracusanorum

157 1804 430 1848 excitatorum
467 1815 570 1859 agro
608 1802 697 1858 ipso
740 1815 821 1846 non
854 1802 1004 1859 exigua
1035 1816 1183 1846 manus
1222 1803 1448 1847 advolavit.
1518 1803 1657 1860 Atque
1697 1804 1760 1848 ita

156 1878 266 1921 Dion
308 1876 577 1920 affluentibus
619 1889 666 1919 ex
705 1875 817 1919 omni
861 1876 980 1930 parte
1012 1876 1192 1928 auxiliis,
1227 1876 1354 1919 etiam
1384 1876 1605 1920 Messeniis
1637 1878 1680 1920 et
1711 1890 1758 1921 ex

156 1949 285 1994 Italia
318 1947 502 2002 Graecis,
550 1942 774 1992 exercitum
807 1961 888 1992 non
919 1947 1029 1991 infra
1063 1947 1241 2004 quinque
1272 1947 1394 1992 milia
1425 1948 1644 1993 hominum
1675 1949 1754 1994 sub

256 2108 285 2154 ¹)
311 2107 365 2144 Cf.
393 2106 499 2143 Diod.
526 2106 626 2150 XVI,
654 2107 711 2150 11,
739 2107 795 2143 12.
823 2105 921 2142 Plut.
948 2105 1044 2141 Dion
1070 2117 1098 2141 c.
1126 2106 1184 2142 26.
1212 2104 1319 2143 Corn.
1347 2105 1438 2152 Nep.
1464 2117 1492 2143 c.
1521 2106 1555 2143 5.
1580 2139 1583 2143 .

254 2169 284 2215 2)
310 2168 364 2206 Cf.
392 2168 492 2204 Plut.
519 2168 617 2203 Dion
642 2167 682 2203 11.
709 2166 816 2204 Diod.
844 2166 943 2210 XVI,
971 2167 1003 2203 9.

254 2229 284 2276 a)
309 2228 496 2265 Madinaei
533 2240 598 2265 nec
635 2240 657 2264 a
695 2227 894 2264 Plutarcho
931 2239 997 2264 nec
1033 2228 1079 2264 ab
1118 2228 1202 2271 alio,
1241 2228 1304 2275 qui
1341 2228 1488 2264 Siciliae
1525 2239 1583 2264 res
1620 2228 1758 2274 attigit

157 2290 342 2337 scriptore,
370 2291 547 2336 quantum
566 2289 688 2332 sciam,
716 2290 1052 2327 commemorantur.
1079 2288 1141 2324 sed
1168 2300 1189 2325 a
1203 2288 1361 2324 Diodoro
1379 2288 1454 2324 solo
1467 2288 1567 2331 XVI,
1585 2289 1619 2332 9,
1647 2299 1758 2335 quare

156 2351 253 2388 nihil
279 2351 370 2388 certi
395 2349 634 2388 statuendum
660 2352 728 2394 est,
766 2361 880 2397 paene
920 2361 1003 2387 vero
1028 2351 1196 2397 putarem
1234 2362 1294 2387 eos
1332 2361 1520 2398 nunquam
1558 2350 1756 2387 exstitisse.

156 2412 212 2449 Cf.
239 2413 354 2448 etiam
379 2410 483 2448 Cluv.
510 2412 578 2448 Sic.
607 2413 684 2447 ant.
712 2411 763 2453 ΙΙ,
790 2412 873 2454 357,
914 2411 977 2458 qui
1002 2412 1075 2447 ait:
1115 2412 1306 2454 „Nullum‚
1346 2412 1481 2457 inquit,
1520 2411 1757 2457 aliicuiquam

156 2475 396 2511 memoratum
422 2475 478 2510 est
509 2471 681 2520 oppidum
721 2471 866 2508 Μάδὶνα
884 2500 892 2509 .
911 2500 919 2508 .
938 2500 946 2508 .
997 2472 1046 2509 Et
1084 2474 1167 2520 post
1204 2471 1470 2515 Camarinaeos,
1510 2482 1620 2519 quum
1658 2470 1757 2508 idem

157 2535 262 2572 Diod.
292 2535 391 2571 dicat
415 2535 571 2570 Dionem
596 2534 833 2580 assumpsisse
859 2534 954 2577 illos,
994 2535 1058 2580 qui
1095 2535 1134 2569 in
1172 2533 1336 2579 vulgatis
1374 2533 1452 2568 cius
1490 2532 1757 2579 exemplaribus

157 2596 332 2643 leguntur
358 2594 573 2638 Μαδιναῖοι,·
598 2594 717 2630 11111103
744 2594 835 2630 alios
861 2594 927 2630 hos
953 2593 1067 2631 fuisse
1093 2594 1224 2637 iudico,
1251 2605 1359 2641 quam
1378 2591 1611 2637 Μοτυκαὶους,
1636 2592 1676 2629 id
1701 2595 1759 2631 est

156 2657 403 2703 Motyoenses,
446 2667 515 2704 pro.
549 2666 619 2703 quo
663 2655 837 2692 vocabulo
877 2658 1083 2702 corruptum
1125 2655 1218 2692 illud
1260 2655 1504 2700 suppositum
1547 2655 1621 2690 nisi
1662 2654 1759 2692 forte

157 2717 333 2766 suspicari
374 2717 491 2754 libeat
534 2716 749 2753 vocabulum
791 2716 1060 2766 Καμαριναίους
1109 2716 1155 2753 ab
1198 2717 1368 2764 imperito
1411 2718 1523 2763 atque
1574 2717 1759 2754 ascitante

157 2781 374 2827 exscriptore
400 2779 457 2815 bis
482 2780 643 2825 positum
661 2778 784 2822 fuisse,
810 2778 906 2815 unde
931 2781 1060 2826 postea
1082 2779 1176 2815 alius
1202 2779 1358 2815 alterum
1384 2789 1507 2814 eorum
1526 2777 1759 2826 discerpserit

157 2839 196 2875 in
222 2838 282 2876 καὶ
308 2838 537 2881 Μαδιναίους.
938 2848 943 2853 “

1437 2901 1464 2947 3
