1916 3085
950 71 1012 118 34

172 195 340 241 vexillis
370 195 577 253 habuit1),
611 208 711 252 quos
734 207 781 239 eo
812 207 1022 239 armorum
1054 207 1220 252 genere,
1254 196 1363 252 quod
1395 211 1484 243 sors
1514 196 1682 252 obtulit,
1713 210 1782 243 ar-

171 269 320 314 mavit.
385 268 513 313 Cuius
564 268 770 313 adventus
821 267 937 312 fama
981 267 1099 312 illico
1152 267 1383 324 Syracusas
1427 271 1613 326 pervasit
1656 272 1782 329 atque

172 343 272 384 urbs
314 340 610 396 adipiscendae
649 339 862 383 libertatis
895 339 1102 383 desiderio
1134 341 1177 383 et
1208 340 1585 396 conspirationibus
1616 344 1781 388 aestua-

171 414 260 459 bat.
323 414 491 460 Interea
535 412 763 472 Dionysius
811 411 922 458 circa
971 412 1149 458 Adriam
1197 414 1309 468 erat,
1358 413 1506 460 Dionis
1552 417 1781 462 adventum

172 488 385 545 ignorans,
409 501 538 545 quum
559 486 746 540 nuntius,
770 499 892 549 quem
914 486 1172 531 Timocrates
1204 476 1258 531 a'd
1291 501 1385 531 eum
1406 488 1593 542 miserat,
1625 490 1781 535 litteris

172 574 272 606 casu
303 562 410 606 miro
441 560 623 614 arnissis,
655 560 929 617 effugissetf’).
993 559 1131 605 Duces
1162 562 1318 614 autem,
1361 575 1460 618 quos
1491 562 1694 619 tyrannus
1724 566 1781 608 ad

172 634 319 678 urbem
351 634 669 678 custodiendam
701 632 948 689 reliquerat,
980 632 1208 688 oppidanos
1239 647 1264 677 a
1297 634 1528 679 defectione
1559 648 1684 691 quam
1716 633 1781 678 di-

171 706 455 764 ligentissime
489 707 696 751 deterrere
728 705 967 750 studebant.
1033 705 1151 761 Quod
1183 720 1310 762 quum
1342 708 1501 752 frustra
1532 708 1779 761 tentassent,

172 779 330 824 civium
362 780 552 823 tumultu
583 779 742 835 passim
773 779 1111 832 convalescente,
1146 780 1300 824 coactis
1331 780 1599 825 mercenariis
1629 779 1780 824 militi-

172 852 272 905 bus,
321 866 404 896 una
443 842 545 897 cum‘
580 852 634 896 iis
651 886 661 905 ,
703 851 776 908 qui
816 865 842 895 a
883 852 1052 908 tyranni
1089 853 1280 908 partibus
1321 854 1529 897 steterunt
1559 852 1781 897 resistendi

172 925 507 981 conspirantibus
554 924 775 969 consilium
809 925 1020 980 ceperunt.
1077 924 1341 968 >Timocrates
1373 913 1597 983 Ortygiam
1627 926 1781 982 Epipo-

170 999 315 1055 lasque
346 998 601 1055 tuebatur⁶)‚
635 1011 763 1053 quum
791 997 957 1041 infestis
980 997 1137 1041 civium
1169 997 1336 1049 animis,
1369 999 1441 1053 qui
1471 998 1681 1054 imprimis
1713 1011 1780 1042 ce-

170 1072 284 1114 teras
315 1070 431 1114 urbis
462 1070 603 1125 partes
635 1069 888 1121 incolebant,
923 1068 1148 1122 diffideret,
1181 1070 1238 1121 et,
1261 1083 1313 1112 ne
1335 1071 1437 1114 urbe
1459 1070 1613 1114 relicta⁴
1629 1070 1780 1114 seditio

170 1143 413 1196 exoriretur,
446 1142 576 1187 Dioni
606 1142 773 1187 obviam
805 1141 866 1201 ire
897 1154 980 1186 non
1011 1142 1197 1186 auderet.
1263 1141 1399 1197 Quum
1423 1144 1565 1188 autem
1586 1141 1779 1188 Leontini

171 1217 214 1259 et
246 1215 468 1272 Campani,
508 1215 579 1271 qui
621 1215 808 1270 Epipolis
840 1215 1096 1270 praesidium
1127 1216 1351 1269 tenebant,
1385 1217 1540 1260 falsum
1570 1228 1780 1260 rumorem

170 1303 196 1334 a
235 1289 370 1333 Dione
415 1288 626 1345 prolatum
675 1288 725 1331 d'e
767 1288 951 1343 ipsorum
994 1288 1168 1332 urbibus
1207 1289 1458 1345 occupandis
1504 1289 1777 1341 audivissent,

170 1362 357 1417 Epipolis
404 1361 447 1404 et
488 1360 724 1404 Timocrate
757 1360 987 1413 destitutis,
1027 1360 1230 1403 auxilium
1270 1362 1356 1405 suis
1395 1362 1568 1405 allaturi
1610 1361 1779 1406 domum

169 1434 397 1493 redierunt.
462 1433 581 1488 Quod
613 1446 742 1489 quum
772 1432 884 1476 Dion
915 1433 1025 1476 circa
1057 1433 1233 1490 Acras⁷)
1256 1434 1487 1477 audivisset
1508 1434 1562 1486 et,
1587 1433 1779 1478 concione

169 1507 408 1560 convocata,
450 1505 609 1550 milites
640 1506 768 1563 longa
798 1505 983 1550 oratione
1014 1505 1331 1561 inflammasset,
1364 1507 1489 1551 noctu
1521 1507 1659 1551 castra
1690 1519 1778 1551 mo-

267 1676 299 1723 ⁴)
325 1676 426 1712 Plut.
452 1675 560 1711 Dion.
589 1686 617 1711 c.
645 1676 691 1711 27
730 1676 911 1711 memorat
947 1685 1138 1711 numerum
1177 1686 1300 1711 eorum
1331 1675 1538 1719 hominum,
1577 1675 1641 1722 qui
1666 1674 1778 1711 Dioni

169 1748 207 1772 se
233 1736 478 1772 adiunxerunt
504 1735 552 1770 ad
578 1736 685 1777 5000,
725 1734 821 1780 quod
858 1734 967 1770 facile
1005 1735 1140 1777 credas,
1179 1735 1243 1771 sed
1268 1735 1373 1771 Diod.
1402 1736 1501 1778 XVI,
1528 1737 1550 1771 9
1588 1745 1777 1770 numerum

169 1795 439 1833 incredibiliter
465 1796 614 1831 auctum
641 1795 762 1831 20000
788 1794 905 1830 affert.

267 1857 297 1903 ⁵)
325 1856 447 1902 Lupus
474 1855 620 1891 odorem
646 1856 804 1897 secutus,
843 1854 1056 1898 tabellario,
1097 1866 1208 1902 quum
1234 1856 1273 1891 in
1298 1856 1433 1892 Italiae
1471 1856 1566 1892 silva
1592 1855 1777 1903 paulisper

170 1916 356 1960 dormiret,
383 1928 509 1954 carnes
535 1927 643 1963 perae
669 1916 846 1962 alligatas
872 1917 997 1962 rapuit
1021 1928 1164 1963 unaque
1189 1928 1329 1963 peram,
1353 1918 1392 1954 in
1419 1929 1490 1965 qua
1515 1918 1665 1954 litteras
1693 1928 1776 1953 con-

169 1978 326 2014 diderat.
355 1977 409 2014 Cf.
438 1978 538 2013 Plut.
565 1977 662 2013 Dion
688 1988 716 2013 c.
746 1978 802 2013 26.

268 2039 297 2086 ⁶)
325 2038 524 2086 Syracusae
550 2040 648 2075 enim
674 2050 717 2075 ex
744 2037 904 2085 quinque
929 2037 1098 2085 partibus
1137 2039 1175 2075 in
1215 2051 1325 2075 unam
1363 2041 1574 2076 contractae
1606 2040 1693 2075 sunt
1717 2050 1776 2076 ur-

169 2101 264 2143 bem,
303 2111 396 2145 quae
436 2102 631 2135 vocantur:
671 2099 830 2144 Ortygia
868 2099 945 2134 sive
971 2100 1109 2142 Insula,
1148 2099 1368 2142 Achradina,
1408 2100 1550 2145 Tycha,
1588 2099 1775 2145 Neapolis,

168 2160 358 2207 Epipolae,
387 2171 540 2207 quarum
567 2159 754 2206 Epipolae‚
782 2159 881 2195 locus
920 2161 1022 2195 totus
1047 2162 1265 2206 praeruptus
1292 2161 1330 2196 et
1359 2161 1508 2206 propter
1537 2160 1775 2206 asperitatem

168 2220 243 2256 fere
270 2221 545 2263 inaccessibilis,
585 2232 667 2256 cum
704 2220 857 2255 castello
895 2220 1104 2255 firmissimo
1129 2220 1306 2266 Euryalo,
1345 2212 1391 2255 ad
1424 2221 1711 2265 septentrionem
1738 2223 1777 2256 et

168 2290 332 2315 occasum
358 2291 483 2316 versus
509 2282 577 2322 est,
604 2279 763 2326 Ortygia
790 2290 874 2315 vero
899 2279 1065 2326 Epipolis
1090 2291 1235 2326 prorsus
1261 2279 1414 2316 adversa
1443 2279 1490 2316 ad
1522 2280 1711 2317 meridiem
1737 2282 1777 2317 ct

168 2342 350 2378 orientem
376 2342 509 2387 vergit.
560 2342 665 2378 Inter
689 2342 756 2377 has
783 2341 872 2378 duas
897 2343 1022 2388 partes
1046 2341 1148 2377 urbis
1174 2343 1249 2378 tres
1274 2344 1414 2378 ceterae
1441 2342 1535 2379 sitae
1553 2344 1641 2379 sunt
1665 2345 1775 2389 atque

168 2403 236 2444 ita,
262 2404 307 2437 ut
334 2401 419 2437 inde
447 2413 489 2436 ex
514 2402 680 2446 Epipolis
708 2401 833 2446 Tycha
858 2401 905 2436 ad
931 2402 1267 2447 septentrionalem,
1293 2402 1468 2448 Neapolis
1493 2402 1538 2437 ad
1557 2401 1775 2438 meridiona-

167 2461 241 2497 lem
266 2462 455 2508 regionem
482 2460 616 2498 tendat
641 2463 680 2497 et
697 2463 781 2508 post
799 2461 883 2497 illas
902 2461 948 2498 ad
963 2460 1157 2509 Ortygiam
1183 2464 1293 2510 atque
1312 2474 1410 2500 mare
1428 2474 1541 2510 usque
1555 2462 1774 2501 Achradina.

270 2523 298 2569 ⁷)
325 2523 397 2559 Pro
423 2520 507 2570 περὶ
534 2523 684 2570 Μάκρας
710 2522 753 2558 cf.
782 2523 882 2558 Plut.
909 2523 1005 2558 Dion
1032 2535 1059 2559 c.
1087 2525 1133 2560 27
1171 2524 1425 2569 corrigendum
1451 2526 1507 2559 est
1539 2522 1620 2571 περὶ
1640 2524 1776 2572 unque,

168 2593 254 2619 nam
280 2583 441 2629 primum
479 2582 629 2630 quidem
667 2582 734 2618 illo
772 2582 849 2618 loco
889 2584 1038 2632 Μάκρας
1075 2595 1148 2620 11011
1185 2585 1379 2628 inveneris,
1420 2587 1501 2620 tum
1539 2587 1620 2621 tota
1645 2585 1776 2622 Dionis

167 2643 352 2690 expeditio
377 2643 467 2681 adeo
494 2643 652 2691 quadrat
678 2643 724 2680 ad
749 2644 815 2680 has
841 2643 964 2697 Acrae,
1002 2647 1046 2681 ut
1082 2646 1193 2682 aliam
1219 2646 1346 2682 urbem
1384 2647 1485 2682 nullo
1520 2646 1625 2683 modo
1663 2647 1776 2683 fuisse

168 2703 312 2741 dixeris.
364 2704 479 2741 Acrae
506 2705 647 2751 viginti
685 2706 844 2752 quatuor
880 2706 986 2742 milia
1022 2717 1194 2753 passuum
1231 2718 1252 2743 a
1278 2707 1554 2754 Syracusarum,
1573 2706 1776 2744 meridiana

166 2767 272 2812 parte
311 2765 406 2802 sitae
444 2766 632 2813 etiamque
667 2777 688 2802 a
714 2766 951 2813 Syracusanis
977 2766 1145 2805 conditae
1172 2770 1259 2805 sunt
1296 2769 1535 2817 septuaginta
1561 2768 1667 2805 annis
1691 2769 1776 2814 post

168 2827 376 2874 Syracusas,
403 2837 499 2862 anno
526 2827 606 2863 665.
635 2826 689 2864 Of.
720 2827 882 2875 Thucyd.
910 2827 1029 2866 V1.·c.
1058 2829 1091 2865 5.
