1916 3085
746 671 919 744 Pars
962 670 1202 753 prima.

237 793 394 857 Qualis
436 793 577 844 fuerit
614 793 999 858 Syracusanorum
1035 797 1142 845 ante
1179 795 1446 860 Dionysium
1484 795 1703 846 minorem

753 893 997 957 tyrannum
1035 894 1201 943 status,

301 1109 439 1165 Quum
468 1109 704 1154 novissimis
734 1110 990 1166 temporibus
1022 1122 1104 1153 non
1136 1109 1197 1153 ita
1228 1109 1352 1165 pauci
1383 1108 1429 1152 in
1449 1109 1557 1153 hanc
1577 1108 1775 1153 historiae

177 1183 339 1238 partem
371 1182 660 1238 explicandam
691 1181 958 1226 incubuerint
988 1183 1112 1237 atque
1143 1182 1292 1237 priscis
1314 1181 1487 1226 Siciliae
1509 1182 1632 1225 rebus
1653 1195 1776 1226 accu-

177 1255 267 1298 rate
308 1254 590 1298 describendis
639 1254 946 1311 diligenterque
993 1253 1301 1310 investigandis
1343 1254 1551 1298 clarorum
1591 1254 1776 1298 virorum

176 1326 349 1383 ingenia
379 1339 460 1370 non
492 1326 715 1379 defuerint,
757 1339 897 1370 rerum
929 1327 1107 1380 statum,
1151 1327 1287 1382 qualis
1324 1326 1455 1371 fuerit
1485 1326 1583 1370 ante
1615 1326 1775 1383 Diony—

177 1401 288 1444 sium
325 1400 528 1444 minorem
566 1400 793 1457 tyrannum
835 1401 877 1444 et
916 1400 1007 1444 tota
1046 1399 1190 1444 Sicilia
1230 1400 1272 1443 et
1309 1399 1518 1456 imprimis
1560 1399 1776 1456 Syracusis

176 1474 363 1527 tantum,
404 1473 606 1530 quantum
638 1473 692 1516 ad
722 1486 812 1517 rem
843 1472 1142 1517 illustrandam
1179 1472 1458 1516 necessarium
1489 1473 1608 1528 puto,
1641 1472 1773 1516 attin-

175 1559 287 1604 gam.

297 1619 528 1678 Syracusae
558 1633 607 1663 ex
639 1619 819 1676 quinque
850 1619 1040 1676 partibus
1081 1619 1126 1662 in
1157 1632 1285 1663 unam
1316 1619 1462 1664 urbem
1493 1620 1730 1664 contractae
1738 1620 1772 1677 1)

175 1693 332 1738 Archia
364 1692 577 1737 Corinthio
610 1692 726 1746 duce,
760 1706 867 1737 anno
897 1693 991 1749 post
1021 1693 1187 1736 Naxum
1222 1693 1309 1736 734
1342 1693 1400 1750 (P)
1443 1693 1674 1746 conditam,
1707 1693 1771 1737 Si-

175 1767 281 1811 culis
312 1765 423 1810 bello
454 1765 679 1822 superatis,
712 1766 767 1810 ad
798 1779 914 1810 oram
945 1765 1190 1809 orientalem
1221 1765 1265 1809 in
1298 1765 1476 1824 Ortygia
1507 1765 1645 1810 insula
1677 1779 1773 1810 con-

175 1840 289 1883 ditae
330 1838 484 1895 sunt2).
556 1838 638 1882 Sed
680 1852 807 1894 quum
845 1838 940 1895 agri
980 1838 1204 1882 fertilitate
1245 1840 1560 1895 mercaturaque
1599 1839 1774 1884 adducti

174 1913 314 1969 plures
345 1911 390 1955 in
422 1911 511 1955 dies
542 1913 791 1955 mercatores
823 1911 1086 1967 advenaeque
1108 1911 1335 1968 Syracusas
1367 1911 1571 1965 venirent,
1605 1913 1649 1956 et
1676 1925 1773 1957 cum

175 1986 250 2039 iis,
297 1985 367 2042 qui
398 1998 424 2028 a
456 1983 609 2028 colonis
642 1984 834 2037 Graecis,
877 1984 964 2028 sive
997 1984 1227 2037 Geomoris,
1262 1997 1362 2040 quos
1393 1986 1555 2038 vocant,
1588 1986 1774 2042 oppressi

175 2059 307 2111 erant,
342 2070 429 2102 sese
461 2056 771 2114 conjunxissent
794 2056 1151 2115 Callicyriorum³)
1185 2057 1388 2102 seditione
1419 2071 1562 2103 omnes
1593 2059 1774 2115 optima-

174 2133 239 2175 tes
271 2145 318 2175 ex
349 2132 451 2174 urbe
485 2131 609 2187 eJecti
642 2130 883 2174 Camarinas
916 2131 1180 2174 decesserunt
1212 2131 1254 2173 et
1285 2145 1310 2174 a
1343 2131 1513 2183 Gelone,
1547 2131 1675 2175 Gelae
1705 2133 1774 2188 ty-

274 2277 303 2323 ¹)
337 2276 392 2313 Cf.
411 2276 542 2312 Strabo
559 2276 623 2320 VI,
643 2278 676 2319 2,
694 2277 729 2313 4.
765 2275 838 2313 Cic.
857 2277 896 2312 in
913 2275 1063 2312 Verrem
1079 2276 1144 2319 IV,
1163 2276 1222 2319 53,
1256 2276 1337 2313 Liv.
1355 2276 1455 2319 XIV,
1474 2277 1533 2319 21,
1551 2277 1611 2320 22,
1629 2278 1689 2320 23,
1706 2278 1756 2314 32
1763 2292 1772 2321 ;

175 2337 289 2381 XXV,
307 2337 366 2381 24,
384 2337 442 2381 25,
460 2337 519 2382 29,
536 2338 594 2374 30.
628 2336 734 2374 Diod.
754 2336 819 2381 XI,
838 2338 895 2382 67,
916 2337 980 2382 683
997 2337 1104 2381 XIII,
1124 2337 1157 2382 7,
1178 2338 1240 2381 11;
1271 2337 1371 2381 XIV,
1388 2337 1445 2374 18.
1460 2337 1560 2382 XVI,
1579 2338 1636 2375 69.
1671 2338 1772 2375 Plut.

176 2399 307 2437 Timol.
326 2410 354 2436 c.
374 2399 431 2442 11,
456 2399 514 2442 18,
541 2399 599 2436 21.
632 2398 732 2436 Plut.
763 2400 872 2436 Dion.
902 2411 931 2436 c.
962 2400 1020 2436 29.
1071 2399 1212 2437 Goller:
1243 2398 1286 2436 de
1317 2400 1393 2436 situ
1423 2402 1463 2437 et
1492 2400 1634 2446 origine
1665 2400 1773 2447 Syra-

175 2471 351 2497 cusarum.
391 2458 503 2496 Grote
537 2459 714 2507 (Sjefcbidyte
744 2459 1008 2503 &ricchefflcnbss
1038 2461 1098 2497 III
1115 2465 1150 2508 p.
1171 2462 1253 2497 181.
1282 2460 1334 2497 IV
1353 2472 1387 2507 p.
1408 2462 1486 2498 131.
1518 2461 1551 2497 V
1568 2472 1601 2508 p.
1624 2461 1704 2498 184.
1735 2464 1775 2499 et

175 2523 355 2569 imprimis
372 2521 490 2568 Pauly
508 2521 750 2568 (ἓηεῃεῐορᾶῦὶε
766 2534 793 2559 s.
812 2534 845 2560 v,
864 2522 1040 2570 &ytaeus
1076 2522 1186 2559 Holm
1205 2522 1383 2570 mefdyidyte
1401 2522 1572 2561 &citieus
1590 2523 1620 2559 I.

273 2583 303 2630 ²)
336 2583 391 2619 De
425 2594 520 2620 anno
554 2583 655 2620 urbis
684 2579 864 2626 conditae,
900 2595 1010 2630 quum
1043 2582 1204 2619 nondum
1238 2584 1331 2619 satis
1364 2585 1508 2619 constet
1542 2583 1588 2620 cf.
1606 2583 1774 2620 Fischer:

175 2643 304 2690 ῶτίεά).
322 2644 505 2690 86111αῖεῐη
523 2644 570 2681 ad
587 2656 619 2681 a.
642 2645 723 2682 734.
757 2644 824 2681 Ed.
843 2645 959 2681 Meier
987 2644 1025 2682 in
1054 2646 1111 2682 ber
1140 2643 1325 2692 Beitfdntift
1353 2644 1408 2689 fiir
1426 2644 1776 2693 &Itettbumssmisiem

174 2707 273 2755 idmst
291 2706 385 2743 1845
402 2706 488 2742 Nro.
509 2708 590 2743 109.
626 2706 730 2743 Cluv.
748 2707 788 2744 ll.
807 2707 827 2742 1
843 2718 877 2753 p.
899 2707 979 2743 167.

272 2766 303 2815 ⁸)
336 2766 390 2803 De
424 2764 610 2816 Geomoris
645 2769 684 2804 et
716 2766 923 2815 Callicyriis
957 2766 1002 2805 cf.
1032 2762 1153 2805 Hense
1188 2766 1332 2805 dissert.
1363 2766 1407 2804 de
1437 2767 1597 2805 Hierone
1627 2779 1659 2805 a.
1681 2768 1775 2806 1862

174 2840 209 2878 p.
227 2830 251 2867 2
267 2840 320 2878 sq.
355 2826 467 2867 Grote
483 2828 543 2866 III
560 2840 594 2877 p.
615 2830 695 2874 160,
716 2830 795 2867 166.

1425 2893 1484 2938 1*
