1916 3085
923 66 955 114 4

131 206 281 247 ranno,
322 192 530 237 auxilium
561 191 822 248 petiverunt,
863 190 935 246 qui
965 190 1159 246 precibus
1192 204 1334 236 eorum
1365 191 1584 237 obsecutus
1615 189 1741 250 Syra-

132 279 254 311 cusas
286 279 354 310 eos
385 264 555 309 reduxit
586 264 712 320 atque
744 276 884 307 rerum
914 262 1073 319 potitus
1105 264 1181 317 est,
1215 263 1280 308 Ol.
1317 264 1625 325 73‚4=485⁴),
1658 265 1742 311 Ge-

130 340 218 383 lam
259 339 400 382 autem
438 337 616 381 Hieroni
655 336 781 381 fratri
821 336 1201 380 administrandam
1247 337 1485 391 mandavit,
1528 351 1653 395 quum
1695 338 1740 383 id

131 411 396 468 potissimum
427 409 678 464 intenderet,
711 410 760 452 ut
787 408 1015 466 Syracusae
1047 409 1196 453 ceteris
1219 409 1388 454 Siciliae
1420 410 1592 456 urbibus
1623 412 1741 457 ante-

133 485 350 530 cellerent.
415 484 564 540 Itaque
598 482 888 527 Camarinaeos
918 495 1084 535 omnes,
1129 482 1351 527 Camarina
1384 483 1545 537 diruta,
1589 483 1741 529 Gelen-

133 559 244 603 sium
276 559 422 602 autem
453 557 658 614 maj0rem
688 556 853 612 partem
884 555 1278 612 Megarensiumque
1310 556 1481 600 ditiores
1514 556 1740 614 Syracusas

131 632 399 676 transductos
432 630 607 675 civitate
640 629 868 685 donavit5).
931 628 1021 672 Nec
1042 628 1104 672 ita
1125 629 1260 673 multo
1279 631 1373 685 post
1393 643 1430 673 a.
1454 630 1545 674 480
1566 628 1740 674 Cartha-

132 704 344 762 ginienses
376 703 622 747 Hamilcare
660 701 805 759 ducess)
850 714 945 745 cum
976 701 1109 746 classe
1148 715 1221 758 per
1258 702 1491 746 triennium
1530 702 1740 747 exstructa

133 778 187 821 ad
219 776 413 822 Siciliam
444 775 612 820 advecti
643 774 698 818 ad
729 774 948 818 Himeram
979 774 1126 818 urbem
1157 774 1257 818 bina
1289 775 1426 819 castra
1457 775 1739 833 posuerunt‘1),

132 851 206 895 ubi
236 865 261 895 a
297 850 466 902 Gelone,
501 863 526 893 a
559 849 749 893 Therone
780 848 1011 905 Agrigenti
1042 849 1234 906 tyranno,
1276 862 1398 905 quem
1429 849 1616 906 graviter
1646 862 1741 905 pre-

131 925 309 977 merent,
342 922 496 966 auxilio
529 922 688 974 vocato,
721 922 843 964 tanta
875 922 993 965 clade
1024 921 1165 965 affecti
1197 935 1285 965 esse
1317 922 1533 975 dicuntur,
1574 923 1622 965 ut
1652 922 1741 966 Ha-

68 1037 70 1039 ,
131 997 305 1041 milcare
336 996 427 1052 ipso
459 996 501 1039 et
538 994 593 1038 ad
632 994 799 1038 centum
839 994 1145 1051 quinquaginta
1176 994 1348 1038 milibus
1380 994 1568 1038 militum
1608 995 1740 1038 caesis

133 1069 264 1113 ceteri
297 1082 341 1112 se
373 1068 524 1111 dedere
558 1066 863 1124 cogerentur8),
898 1066 1001 1110 Gelo
1033 1067 1175 1110 autem
1207 1067 1434 1124 Syracusas
1465 1079 1655 1111 reversus
1686 1067 1740 1111 ab

132 1142 324 1187 omnibus
357 1141 519 1185 civibus
551 1153 623 1184 rex
650 1139 1033 1196 proclamaretur9).
1097 1140 1248 1184 Paucis
1286 1153 1383 1185 vero
1414 1141 1535 1184 annis
1565 1141 1659 1196 post
1689 1140 1741 1185 de

130 1214 270 1271 patria
301 1214 459 1270 optime
491 1212 681 1265 meritus,
716 1225 845 1267 quum
877 1212 1035 1267 septem
1057 1224 1186 1255 annos
1219 1213 1437 1269 regnasset
1467 1225 1576 1268 aqua
1606 1213 1739 1257 inter-

131 1289 226 1333 cute
258 1299 478 1344 oppressus
514 1285 784 1342 75‚3=47⁸s7
824 1285 1011 1328 mortuus
1044 1285 1186 1342 est10),
1220 1285 1262 1329 et
1284 1285 1380 1341 quia
1402 1284 1515 1329 filius
1546 1285 1602 1329 ad
1634 1286 1738 1331 civi-

130 1361 232 1405 tatis
282 1359 568 1417 gubernacula
619 1358 873 1414 capessenda
924 1359 1059 1402 minor
1106 1360 1227 1412 erat,
1291 1359 1514 1415 imperium
1566 1359 1741 1404 Hieroni

130 1434 255 1477 fratri
285 1432 481 1484 tradidit,
515 1431 587 1487 qui
618 1431 731 1475 haud
762 1431 915 1484 minus,
959 1433 1008 1475 ut
1039 1446 1164 1488 quam
1196 1432 1375 1476 maxime
1408 1433 1636 1489 Syracusae
1667 1446 1741 1476 au-

131 1506 346 1563 gerentur,
380 1504 572 1548 omnibus
593 1504 755 1548 viribus
778 1504 1029 1549 enitebatur.
1083 1505 1231 1561 Itaque
1253 1504 1483 1549 Catanaeos
1506 1505 1549 1549 et
1570 1504 1739 1559 Naxios,

132 1579 305 1623 Gelonis
336 1577 492 1634 agendi
522 1577 728 1620 rationem
760 1578 944 1631 secutus,
987 1591 1033 1621 ex
1066 1577 1240 1621 urbibus
1271 1578 1315 1620 in
1347 1578 1571 1621 Leontinos
1602 1578 1741 1621 trans-

229 1735 260 1780 4)
295 1733 351 1770 Cf.
370 1732 504 1769 Herod.
523 1733 609 1776 VII,
629 1733 700 1769 154
717 1745 770 1780 sq.
806 1733 922 1770 Clint.
952 1733 1055 1770 Fast.
1085 1734 1183 1770 Hell.
1215 1733 1262 1770 ad
1279 1745 1310 1770 a.
1329 1734 1414 1770 485.
1444 1734 1600 1771 Aristot.
1626 1734 1739 1771 Polit.

131 1795 177 1839 V,
198 1796 232 1839 9,
251 1795 309 1831 23.

228 1856 259 1903 ⁵)
294 1854 349 1892 Cf.
368 1854 503 1891 Herod.
534 1854 620 1898 VII,
640 1855 721 1892 155.
756 1855 811 1891 De
840 1854 1118 1900 Megarensibus
1152 1855 1196 1892 cf.
1227 1855 1389 1902 Polyaen
1407 1857 1514 1893 strat.
1534 1856 1564 1901 Ι,
1582 1856 1642 1901 27,
1659 1858 1683 1894 3
1701 1858 1741 1893 et

131 1917 313 1964 imprimis
348 1916 537 1952 Hermann
567 1915 679 1963 griecf).
701 1916 1060 1959 &toatssastertbflmer
1089 1917 1121 1961 ξ.
1142 1916 1199 1952 58.

229 1978 259 2024 ⁶)
292 1977 347 2013 De
379 1976 521 2012 diverso
551 1975 660 2013 huius
689 1977 848 2013 nominis
877 1976 1061 2013 scribendi
1090 1978 1232 2014 ratione
1267 1977 1312 2014 cf.
1339 1977 1502 2015 Niehues
1531 1977 1676 2015 dissert.
1694 1976 1739 2015 de

129 2038 308 2085 Dionysio
326 2038 463 2073 maiore
482 2048 515 2073 a.
536 2037 631 2073 1856
647 2049 681 2083 p.
701 2038 723 2073 9
745 2040 784 2074 et
802 2037 1009 2083 Wesseling
1026 2037 1073 2073 ad
1090 2037 1197 2074 Diod.
1216 2038 1281 2082 XI,
1299 2039 1358 2075 20.

231 2099 260 2144 ⁷)
296 2097 352 2135 Cf.
371 2097 478 2134 Diod.
497 2098 563 2140 XI,
582 2098 639 2134 20.

229 2160 259 2205 ⁸)
295 2158 347 2194 Ut
365 2157 541 2194 Herodot.
568 2157 654 2201 VII,
674 2159 745 2195 166
774 2159 970 2195 memoriae
1000 2158 1160 2195 tradidit
1188 2159 1368 2205 proelium
1399 2158 1524 2195 eodem
1554 2158 1614 2195 die
1644 2169 1738 2195 com-

131 2220 283 2255 missum
303 2220 372 2256 est.
404 2229 474 2264 quo
492 2218 626 2254 Persae
644 2229 666 2253 a
685 2217 831 2255 Graecis
850 2219 1095 2255 Themistocle
1114 2219 1203 2255 duce
1233 2219 1330 2266 apud
1349 2219 1584 2263 Salaminam,
1614 2231 1738 2256 secun-

130 2279 220 2316 dum
238 2281 363 2316 autem
380 2278 580 2315 Diodorum
599 2278 663 2321 XI,
683 2279 730 2315 24
747 2279 882 2323 eodem,
915 2292 985 2327 quo
1003 2280 1167 2317 Leonida
1197 2279 1286 2317 duce
1316 2279 1364 2316 ad
1383 2280 1644 2328 Thermopylas
1665 2280 1739 2316 fusi

130 2353 172 2378 ac
191 2341 315 2387 fugati
334 2343 431 2377 sunt.
466 2340 550 2376 Mea
568 2339 716 2387 quidem
746 2342 932 2381 sententia
961 2352 1086 2388 pugna
1116 2344 1247 2377 neutro
1272 2341 1331 2377 die
1363 2340 1460 2378 facta
1489 2343 1557 2385 est,
1587 2340 1651 2377 sed
1678 2340 1739 2377 hic

130 2402 208 2438 dies
226 2403 333 2438 fictus
353 2404 392 2437 et
410 2400 547 2437 Graeco
577 2412 676 2436 more
705 2401 790 2436 miri
820 2402 980 2447 augendi
1010 2413 1119 2438 causa
1150 2402 1322 2438 inventus
1353 2413 1429 2438 esse
1458 2403 1551 2438 mihi
1581 2400 1738 2438 videtur.

129 2462 328 2499 cf.P1ass:
362 2461 548 2508 ἱῐηταηηίὅ
568 2461 617 2497 hei
635 2462 699 2497 ben
717 2460 877 2505 caricam
895 2462 924 2498 I.
950 2473 983 2508 p.
1003 2463 1092 2506 292;
1127 2462 1248 2498 Hense
1266 2462 1305 2499 ll.
1336 2473 1370 2509 p.
1392 2464 1448 2499 10.
1483 2462 1590 2499 Certe
1620 2472 1738 2498 errore

129 2523 268 2559 factum
288 2525 357 2564 est,
389 2524 432 2558 ut
453 2521 578 2558 Steins
609 2521 648 2557 in
666 2520 811 2558 dissert.
842 2521 885 2557 de
903 2521 1139 2559 Hermocrate
1170 2534 1202 2559 a.
1223 2522 1318 2560 1868
1347 2534 1383 2570 p.
1401 2522 1424 2558 5
1453 2521 1653 2559 Diodorum
1682 2520 1738 2558 di-

129 2587 275 2620 centem
306 2583 438 2619 fecerit
462 2583 512 2626 id,
545 2582 641 2630 quod
671 2583 717 2619 ab
735 2582 921 2619 Herodoto
951 2586 1152 2621 enarratur.

230 2645 259 2690 ⁹)
295 2643 351 2681 Cf.
378 2643 487 2679 Diod.
523 2644 590 2688 XI,
622 2644 679 2680 26.
714 2643 892 2690 Polyaeni
926 2644 1090 2679 narratio
1124 2644 1257 2680 similis
1291 2645 1348 2680 est
1381 2644 1412 2687 Ι,
1448 2644 1506 2687 27,
1537 2645 1569 2681 1.
1604 2644 1738 2680 Aelian

131 2716 162 2741 v.
182 2704 218 2741 h.
237 2704 300 2747 VI,
322 2705 378 2741 11.
889 2736 891 2738 ,
1674 2696 1682 2705 ’

231 2765 276 2810 ¹⁰)
311 2764 367 2801 Cf.
386 2764 487 2801 Plut.
506 2764 550 2800 de
568 2765 679 2812 Pyth.
699 2776 792 2803 orac.
812 2766 858 2803 19
876 2777 910 2812 p.
928 2766 1012 2803 403.
1047 2765 1198 2803 Wessel.
1230 2765 1277 2802 ad
1306 2765 1411 2802 Diod.
1437 2766 1502 2810 XI,
1529 2766 1587 2803 38.
1621 2764 1736 2803 Clint.

130 2823 232 2862 Fast.
250 2824 348 2862 Hell.
367 2824 415 2862 ad
433 2836 465 2862 a.
482 2825 566 2864 478.
1411 2828 1415 2832 '
