<?xml version="1.0" encoding="UTF-8"?>
<!DOCTYPE html PUBLIC "-//W3C//DTD XHTML 1.0 Transitional//EN"
    "http://www.w3.org/TR/xhtml1/DTD/xhtml1-transitional.dtd">
<html xmlns="http://www.w3.org/1999/xhtml" xml:lang="en" lang="en">
 <head>
  <title>
</title>
<meta http-equiv="Content-Type" content="text/html;charset=utf-8" />
  <meta name='ocr-system' content='tesseract 3.04.00' />
  <meta name='ocr-capabilities' content='ocr_page ocr_carea ocr_par ocr_line ocrx_word'/>
</head>
<body>
  <div class='ocr_page' id='page_1' title='image "4737214_0017.png"; bbox 0 0 1916 3085; ppageno 0'>
   <div class='ocr_carea' id='block_1_1' title="bbox 935 77 965 125">
    <p class='ocr_par' dir='ltr' id='par_1_1' title="bbox 935 77 965 125">
     <span class='ocr_line' id='line_1_1' title="bbox 935 77 965 125; baseline 0 0"><span class='ocrx_word' id='word_1_1' title='bbox 935 77 965 125; x_wconf 82' lang='lat'>9</span> 
     </span>
    </p>
   </div>
   <div class='ocr_carea' id='block_1_2' title="bbox 83 200 1761 2011">
    <p class='ocr_par' dir='ltr' id='par_1_2' title="bbox 83 200 1761 1573">
     <span class='ocr_line' id='line_1_2' title="bbox 147 200 1746 262; baseline -0.002 -9"><span class='ocrx_word' id='word_1_2' title='bbox 147 218 340 252; x_wconf 86' lang='lat' dir='ltr'><strong>sanorum</strong></span> <span class='ocrx_word' id='word_1_3' title='bbox 373 214 498 262; x_wconf 84' lang='lat' dir='ltr'><strong>agros</strong></span> <span class='ocrx_word' id='word_1_4' title='bbox 529 215 579 248; x_wconf 89' lang='lat' dir='ltr'><strong>ac</strong></span> <span class='ocrx_word' id='word_1_5' title='bbox 610 201 751 248; x_wconf 89' lang='lat' dir='ltr'><strong>domos</strong></span> <span class='ocrx_word' id='word_1_6' title='bbox 783 200 1022 257; x_wconf 75' lang='lat' dir='ltr'><strong>distribuit,</strong></span> <span class='ocrx_word' id='word_1_7' title='bbox 1054 202 1116 249; x_wconf 89' lang='lat' dir='ltr'><strong>ita</strong></span> <span class='ocrx_word' id='word_1_8' title='bbox 1146 202 1196 249; x_wconf 91' lang='lat' dir='ltr'><strong>ut</strong></span> <span class='ocrx_word' id='word_1_9' title='bbox 1226 202 1319 262; x_wconf 86' lang='lat' dir='ltr'><strong>agri</strong></span> <span class='ocrx_word' id='word_1_10' title='bbox 1350 202 1554 262; x_wconf 79' lang='lat' dir='ltr'><strong>optimam</strong></span> <span class='ocrx_word' id='word_1_11' title='bbox 1583 203 1746 261; x_wconf 85' lang='lat' dir='ltr'><strong>partem</strong></span> 
     </span>
     <span class='ocr_line' id='line_1_3' title="bbox 146 276 1747 336; baseline -0.002 -10"><span class='ocrx_word' id='word_1_12' title='bbox 146 278 428 326; x_wconf 80' lang='lat' dir='ltr'><strong>familiaribus</strong></span> <span class='ocrx_word' id='word_1_13' title='bbox 459 291 509 322; x_wconf 86' lang='lat' dir='ltr'><strong>ae</strong></span> <span class='ocrx_word' id='word_1_14' title='bbox 540 276 728 321; x_wconf 89' lang='lat' dir='ltr'><strong>militum</strong></span> <span class='ocrx_word' id='word_1_15' title='bbox 758 276 996 333; x_wconf 89' lang='lat' dir='ltr'><strong>praefectis,</strong></span> <span class='ocrx_word' id='word_1_16' title='bbox 1029 277 1209 334; x_wconf 91' lang='lat' dir='ltr'><strong>reliquos</strong></span> <span class='ocrx_word' id='word_1_17' title='bbox 1241 291 1337 322; x_wconf 79' lang='lat' dir='ltr'><strong>vero</strong></span> <span class='ocrx_word' id='word_1_18' title='bbox 1368 291 1492 336; x_wconf 86' lang='lat' dir='ltr'><strong>agros</strong></span> <span class='ocrx_word' id='word_1_19' title='bbox 1523 292 1574 323; x_wconf 90' lang='lat' dir='ltr'><strong>ac</strong></span> <span class='ocrx_word' id='word_1_20' title='bbox 1605 278 1747 322; x_wconf 89' lang='lat' dir='ltr'><strong>domos</strong></span> 
     </span>
     <span class='ocr_line' id='line_1_4' title="bbox 83 348 1745 407; baseline -0.001 -10"><span class='ocrx_word' id='word_1_21' title='bbox 83 392 86 396; x_wconf 91' lang='lat'><strong>.</strong></span> <span class='ocrx_word' id='word_1_22' title='bbox 147 366 196 397; x_wconf 83' lang='lat' dir='ltr'><strong>ex</strong></span> <span class='ocrx_word' id='word_1_23' title='bbox 225 363 358 407; x_wconf 87' lang='lat' dir='ltr'><strong>aequa</strong></span> <span class='ocrx_word' id='word_1_24' title='bbox 387 350 507 407; x_wconf 84' lang='lat' dir='ltr'><strong>parte</strong></span> <span class='ocrx_word' id='word_1_25' title='bbox 537 348 763 402; x_wconf 77' lang='lat' dir='ltr'><strong>libertiniS,</strong></span> <span class='ocrx_word' id='word_1_26' title='bbox 794 349 1028 406; x_wconf 84' lang='lat' dir='ltr'><strong>peregrinis</strong></span> <span class='ocrx_word' id='word_1_27' title='bbox 1060 350 1183 394; x_wconf 88' lang='lat' dir='ltr'><strong>sociis</strong></span> <span class='ocrx_word' id='word_1_28' title='bbox 1216 351 1457 407; x_wconf 87' lang='lat' dir='ltr'><strong>civibusque</strong></span> <span class='ocrx_word' id='word_1_29' title='bbox 1477 350 1745 407; x_wconf 59' lang='lat' dir='ltr'><strong>traderetu).</strong></span> 
     </span>
     <span class='ocr_line' id='line_1_5' title="bbox 147 420 1749 479; baseline -0.001 -12"><span class='ocrx_word' id='word_1_30' title='bbox 147 423 237 479; x_wconf 83' lang='lat' dir='ltr'><strong>Quo</strong></span> <span class='ocrx_word' id='word_1_31' title='bbox 267 423 428 467; x_wconf 85' lang='lat' dir='ltr'><strong>factum</strong></span> <span class='ocrx_word' id='word_1_32' title='bbox 460 435 548 467; x_wconf 89' lang='lat' dir='ltr'><strong>esse</strong></span> <span class='ocrx_word' id='word_1_33' title='bbox 579 421 687 465; x_wconf 92' lang='lat' dir='ltr'><strong>mihi</strong></span> <span class='ocrx_word' id='word_1_34' title='bbox 717 420 898 474; x_wconf 85' lang='lat' dir='ltr'><strong>videtur,</strong></span> <span class='ocrx_word' id='word_1_35' title='bbox 930 422 991 475; x_wconf 94' lang='lat' dir='ltr'><strong>ut,</strong></span> <span class='ocrx_word' id='word_1_36' title='bbox 1025 435 1153 478; x_wconf 90' lang='lat' dir='ltr'><strong>quum</strong></span> <span class='ocrx_word' id='word_1_37' title='bbox 1183 422 1465 467; x_wconf 90' lang='lat' dir='ltr'><strong>Herbensium</strong></span> <span class='ocrx_word' id='word_1_38' title='bbox 1497 424 1644 468; x_wconf 91' lang='lat' dir='ltr'><strong>urbem</strong></span> <span class='ocrx_word' id='word_1_39' title='bbox 1675 423 1749 467; x_wconf 94' lang='lat' dir='ltr'><strong>ob-</strong></span> 
     </span>
     <span class='ocr_line' id='line_1_6' title="bbox 147 493 1748 553; baseline 0 -13"><span class='ocrx_word' id='word_1_40' title='bbox 147 494 315 548; x_wconf 90' lang='lat' dir='ltr'><strong>sideret,</strong></span> <span class='ocrx_word' id='word_1_41' title='bbox 348 494 564 553; x_wconf 83' lang='lat' dir='ltr'><strong>Syracusis</strong></span> <span class='ocrx_word' id='word_1_42' title='bbox 595 494 685 538; x_wconf 89' lang='lat' dir='ltr'><strong>tam</strong></span> <span class='ocrx_word' id='word_1_43' title='bbox 716 493 937 539; x_wconf 84' lang='lat' dir='ltr'><strong>vehemens</strong></span> <span class='ocrx_word' id='word_1_44' title='bbox 969 494 1117 539; x_wconf 88' lang='lat' dir='ltr'><strong>seditio</strong></span> <span class='ocrx_word' id='word_1_45' title='bbox 1156 495 1403 548; x_wconf 86' lang='lat' dir='ltr'><strong>exoriretur,</strong></span> <span class='ocrx_word' id='word_1_46' title='bbox 1443 496 1492 539; x_wconf 89' lang='lat' dir='ltr'><strong>ut</strong></span> <span class='ocrx_word' id='word_1_47' title='bbox 1522 496 1748 553; x_wconf 88' lang='lat' dir='ltr'><strong>Dionysius</strong></span> 
     </span>
     <span class='ocr_line' id='line_1_7' title="bbox 147 564 1749 627; baseline 0.001 -15"><span class='ocrx_word' id='word_1_48' title='bbox 147 564 272 624; x_wconf 83' lang='lat' dir='ltr'><strong>quam</strong></span> <span class='ocrx_word' id='word_1_49' title='bbox 303 568 520 612; x_wconf 78' lang='lat' dir='ltr'><strong>celerrime</strong></span> <span class='ocrx_word' id='word_1_50' title='bbox 551 566 778 624; x_wconf 79' lang='lat' dir='ltr'><strong>Syracusas</strong></span> <span class='ocrx_word' id='word_1_51' title='bbox 808 579 1017 619; x_wconf 84' lang='lat' dir='ltr'><strong>reversus,</strong></span> <span class='ocrx_word' id='word_1_52' title='bbox 1050 567 1164 611; x_wconf 88' lang='lat' dir='ltr'><strong>terra</strong></span> <span class='ocrx_word' id='word_1_53' title='bbox 1193 568 1380 624; x_wconf 90' lang='lat' dir='ltr'><strong>marique</strong></span> <span class='ocrx_word' id='word_1_54' title='bbox 1411 568 1620 622; x_wconf 89' lang='lat' dir='ltr'><strong>obsessus,</strong></span> <span class='ocrx_word' id='word_1_55' title='bbox 1656 569 1749 627; x_wconf 87' lang='lat' dir='ltr'><strong>jam</strong></span> 
     </span>
     <span class='ocr_line' id='line_1_8' title="bbox 148 639 1749 698; baseline 0 -13"><span class='ocrx_word' id='word_1_56' title='bbox 148 640 199 685; x_wconf 89' lang='lat' dir='ltr'><strong>de</strong></span> <span class='ocrx_word' id='word_1_57' title='bbox 230 640 510 696; x_wconf 83' lang='lat' dir='ltr'><strong>dominatione</strong></span> <span class='ocrx_word' id='word_1_58' title='bbox 542 639 797 697; x_wconf 86' lang='lat' dir='ltr'><strong>desperaret;</strong></span> <span class='ocrx_word' id='word_1_59' title='bbox 829 639 901 684; x_wconf 89' lang='lat' dir='ltr'><strong>sed</strong></span> <span class='ocrx_word' id='word_1_60' title='bbox 932 640 1104 697; x_wconf 83' lang='lat' dir='ltr'><strong>tyranni</strong></span> <span class='ocrx_word' id='word_1_61' title='bbox 1123 640 1345 696; x_wconf 86' lang='lat' dir='ltr'><strong>prudentia</strong></span> <span class='ocrx_word' id='word_1_62' title='bbox 1378 641 1749 698; x_wconf 88' lang='lat' dir='ltr'><strong>seditiosorumque</strong></span> 
     </span>
     <span class='ocr_line' id='line_1_9' title="bbox 145 709 1750 771; baseline 0.001 -13"><span class='ocrx_word' id='word_1_63' title='bbox 145 715 303 758; x_wconf 89' lang='lat' dir='ltr'><strong>minore</strong></span> <span class='ocrx_word' id='word_1_64' title='bbox 334 709 569 758; x_wconf 86' lang='lat' dir='ltr'><strong>constantia</strong></span> <span class='ocrx_word' id='word_1_65' title='bbox 599 712 747 758; x_wconf 89' lang='lat' dir='ltr'><strong>seditio</strong></span> <span class='ocrx_word' id='word_1_66' title='bbox 778 713 854 757; x_wconf 89' lang='lat' dir='ltr'><strong>illa</strong></span> <span class='ocrx_word' id='word_1_67' title='bbox 884 713 988 757; x_wconf 91' lang='lat' dir='ltr'><strong>bene</strong></span> <span class='ocrx_word' id='word_1_68' title='bbox 1020 713 1247 769; x_wconf 89' lang='lat' dir='ltr'><strong>composita</strong></span> <span class='ocrx_word' id='word_1_69' title='bbox 1278 714 1420 771; x_wconf 67' lang='lat' dir='ltr'><strong>est35).</strong></span> <span class='ocrx_word' id='word_1_70' title='bbox 1465 714 1605 771; x_wconf 85' lang='lat' dir='ltr'><strong>Atque</strong></span> <span class='ocrx_word' id='word_1_71' title='bbox 1626 714 1750 771; x_wconf 89' lang='lat' dir='ltr'><strong>paulo</strong></span> 
     </span>
     <span class='ocr_line' id='line_1_10' title="bbox 145 785 1749 844; baseline 0 -12"><span class='ocrx_word' id='word_1_72' title='bbox 145 788 239 844; x_wconf 90' lang='lat' dir='ltr'><strong>post</strong></span> <span class='ocrx_word' id='word_1_73' title='bbox 281 786 504 843; x_wconf 90' lang='lat' dir='ltr'><strong>pristinum</strong></span> <span class='ocrx_word' id='word_1_74' title='bbox 548 787 671 843; x_wconf 88' lang='lat' dir='ltr'><strong>regni</strong></span> <span class='ocrx_word' id='word_1_75' title='bbox 712 785 816 830; x_wconf 88' lang='lat' dir='ltr'><strong>fines</strong></span> <span class='ocrx_word' id='word_1_76' title='bbox 860 785 1101 841; x_wconf 88' lang='lat' dir='ltr'><strong>proferendi</strong></span> <span class='ocrx_word' id='word_1_77' title='bbox 1144 786 1366 830; x_wconf 89' lang='lat' dir='ltr'><strong>consilium</strong></span> <span class='ocrx_word' id='word_1_78' title='bbox 1411 786 1546 832; x_wconf 90' lang='lat' dir='ltr'><strong>denuo</strong></span> <span class='ocrx_word' id='word_1_79' title='bbox 1583 788 1749 844; x_wconf 91' lang='lat' dir='ltr'><strong>capiens</strong></span> 
     </span>
     <span class='ocr_line' id='line_1_11' title="bbox 145 857 1750 916; baseline -0.001 -12"><span class='ocrx_word' id='word_1_80' title='bbox 145 861 328 916; x_wconf 90' lang='lat' dir='ltr'><strong>primum</strong></span> <span class='ocrx_word' id='word_1_81' title='bbox 358 860 511 912; x_wconf 84' lang='lat' dir='ltr'><strong>Aetna,</strong></span> <span class='ocrx_word' id='word_1_82' title='bbox 544 858 734 903; x_wconf 88' lang='lat' dir='ltr'><strong>exsulum</strong></span> <span class='ocrx_word' id='word_1_83' title='bbox 763 858 940 915; x_wconf 81' lang='lat' dir='ltr'><strong>refugiO,</strong></span> <span class='ocrx_word' id='word_1_84' title='bbox 977 857 1118 902; x_wconf 88' lang='lat' dir='ltr'><strong>diruta</strong></span> <span class='ocrx_word' id='word_1_85' title='bbox 1150 859 1319 916; x_wconf 78' lang='lat' dir='ltr'><strong>eJusque</strong></span> <span class='ocrx_word' id='word_1_86' title='bbox 1341 859 1430 904; x_wconf 90' lang='lat' dir='ltr'><strong>loco</strong></span> <span class='ocrx_word' id='word_1_87' title='bbox 1450 859 1622 905; x_wconf 85' lang='lat' dir='ltr'><strong>Adrano</strong></span> <span class='ocrx_word' id='word_1_88' title='bbox 1653 873 1750 905; x_wconf 90' lang='lat' dir='ltr'><strong>con-</strong></span> 
     </span>
     <span class='ocr_line' id='line_1_12' title="bbox 147 931 1750 990; baseline 0.001 -14"><span class='ocrx_word' id='word_1_89' title='bbox 147 932 248 986; x_wconf 87' lang='lat' dir='ltr'><strong>dito,</strong></span> <span class='ocrx_word' id='word_1_90' title='bbox 280 932 333 977; x_wconf 87' lang='lat' dir='ltr'><strong>ad</strong></span> <span class='ocrx_word' id='word_1_91' title='bbox 365 931 566 977; x_wconf 82' lang='lat' dir='ltr'><strong>Catanam</strong></span> <span class='ocrx_word' id='word_1_92' title='bbox 598 931 642 976; x_wconf 88' lang='lat' dir='ltr'><strong>et</strong></span> <span class='ocrx_word' id='word_1_93' title='bbox 671 932 845 975; x_wconf 84' lang='lat' dir='ltr'><strong>Naxum</strong></span> <span class='ocrx_word' id='word_1_94' title='bbox 876 944 992 975; x_wconf 86' lang='lat' dir='ltr'><strong>arma</strong></span> <span class='ocrx_word' id='word_1_95' title='bbox 1017 931 1131 985; x_wconf 93' lang='lat' dir='ltr'><strong>tulit,</strong></span> <span class='ocrx_word' id='word_1_96' title='bbox 1166 932 1315 977; x_wconf 91' lang='lat' dir='ltr'><strong>deinde</strong></span> <span class='ocrx_word' id='word_1_97' title='bbox 1338 932 1424 977; x_wconf 91' lang='lat' dir='ltr'><strong>illis</strong></span> <span class='ocrx_word' id='word_1_98' title='bbox 1453 933 1627 978; x_wconf 85' lang='lat' dir='ltr'><strong>urbibus</strong></span> <span class='ocrx_word' id='word_1_99' title='bbox 1655 947 1750 990; x_wconf 90' lang='lat' dir='ltr'><strong>pro-</strong></span> 
     </span>
     <span class='ocr_line' id='line_1_13' title="bbox 146 1003 1749 1064; baseline 0 -14"><span class='ocrx_word' id='word_1_100' title='bbox 146 1005 302 1051; x_wconf 90' lang='lat' dir='ltr'><strong>ditione</strong></span> <span class='ocrx_word' id='word_1_101' title='bbox 334 1006 467 1062; x_wconf 88' lang='lat' dir='ltr'><strong>captis</strong></span> <span class='ocrx_word' id='word_1_102' title='bbox 499 1018 720 1061; x_wconf 90' lang='lat' dir='ltr'><strong>eorumque</strong></span> <span class='ocrx_word' id='word_1_103' title='bbox 758 1004 922 1049; x_wconf 84' lang='lat' dir='ltr'><strong>civibus</strong></span> <span class='ocrx_word' id='word_1_104' title='bbox 955 1003 1170 1061; x_wconf 85' lang='lat' dir='ltr'><strong>Syracusis</strong></span> <span class='ocrx_word' id='word_1_105' title='bbox 1208 1005 1286 1049; x_wconf 93' lang='lat' dir='ltr'><strong>sub</strong></span> <span class='ocrx_word' id='word_1_106' title='bbox 1325 1005 1450 1050; x_wconf 88' lang='lat' dir='ltr'><strong>hasta</strong></span> <span class='ocrx_word' id='word_1_107' title='bbox 1487 1006 1749 1064; x_wconf 76' lang='lat' dir='ltr'><strong>venditis³⁶),</strong></span> 
     </span>
     <span class='ocr_line' id='line_1_14' title="bbox 146 1077 1751 1137; baseline 0 -13"><span class='ocrx_word' id='word_1_108' title='bbox 146 1079 352 1137; x_wconf 89' lang='lat' dir='ltr'><strong>quoniam,</strong></span> <span class='ocrx_word' id='word_1_109' title='bbox 385 1079 550 1123; x_wconf 86' lang='lat' dir='ltr'><strong>foedere</strong></span> <span class='ocrx_word' id='word_1_110' title='bbox 581 1091 676 1123; x_wconf 92' lang='lat' dir='ltr'><strong>cum</strong></span> <span class='ocrx_word' id='word_1_111' title='bbox 698 1078 847 1122; x_wconf 88' lang='lat' dir='ltr'><strong>Poenis</strong></span> <span class='ocrx_word' id='word_1_112' title='bbox 879 1077 984 1130; x_wconf 84' lang='lat' dir='ltr'><strong>icto,</strong></span> <span class='ocrx_word' id='word_1_113' title='bbox 1018 1078 1235 1133; x_wconf 89' lang='lat' dir='ltr'><strong>quominus</strong></span> <span class='ocrx_word' id='word_1_114' title='bbox 1265 1078 1407 1134; x_wconf 88' lang='lat' dir='ltr'><strong>plures</strong></span> <span class='ocrx_word' id='word_1_115' title='bbox 1438 1079 1596 1123; x_wconf 85' lang='lat' dir='ltr'><strong>faceret</strong></span> <span class='ocrx_word' id='word_1_116' title='bbox 1626 1092 1751 1136; x_wconf 84' lang='lat' dir='ltr'><strong>expu-</strong></span> 
     </span>
     <span class='ocr_line' id='line_1_15' title="bbox 146 1150 1761 1210; baseline 0 -13"><span class='ocrx_word' id='word_1_117' title='bbox 146 1153 375 1210; x_wconf 89' lang='lat' dir='ltr'><strong>gnationes,</strong></span> <span class='ocrx_word' id='word_1_118' title='bbox 422 1151 749 1209; x_wconf 89' lang='lat' dir='ltr'><strong>impediebatur,</strong></span> <span class='ocrx_word' id='word_1_119' title='bbox 797 1150 942 1195; x_wconf 88' lang='lat' dir='ltr'><strong>contra</strong></span> <span class='ocrx_word' id='word_1_120' title='bbox 980 1163 1047 1194; x_wconf 90' lang='lat' dir='ltr'><strong>eos</strong></span> <span class='ocrx_word' id='word_1_121' title='bbox 1094 1163 1353 1207; x_wconf 89' lang='lat' dir='ltr'><strong>summopere</strong></span> <span class='ocrx_word' id='word_1_122' title='bbox 1399 1152 1559 1196; x_wconf 91' lang='lat' dir='ltr'><strong>bellum</strong></span> <span class='ocrx_word' id='word_1_123' title='bbox 1606 1165 1761 1209; x_wconf 87' lang='lat' dir='ltr'><strong>parare-</strong></span> 
     </span>
     <span class='ocr_line' id='line_1_16' title="bbox 145 1219 1751 1283; baseline -0.001 -13"><span class='ocrx_word' id='word_1_124' title='bbox 145 1226 292 1283; x_wconf 89' lang='lat' dir='ltr'><strong>coepit.</strong></span> <span class='ocrx_word' id='word_1_125' title='bbox 339 1219 565 1282; x_wconf 87' lang='lat' dir='ltr'><strong>Postquam</strong></span> <span class='ocrx_word' id='word_1_126' title='bbox 582 1225 776 1281; x_wconf 85' lang='lat' dir='ltr'><strong>Epipolas</strong></span> <span class='ocrx_word' id='word_1_127' title='bbox 809 1222 1026 1268; x_wconf 89' lang='lat' dir='ltr'><strong>moenibus</strong></span> <span class='ocrx_word' id='word_1_128' title='bbox 1058 1237 1108 1267; x_wconf 87' lang='lat' dir='ltr'><strong>ac</strong></span> <span class='ocrx_word' id='word_1_129' title='bbox 1129 1224 1316 1268; x_wconf 90' lang='lat' dir='ltr'><strong>turribus</strong></span> <span class='ocrx_word' id='word_1_130' title='bbox 1337 1224 1520 1269; x_wconf 86' lang='lat' dir='ltr'><strong>munivit</strong></span> <span class='ocrx_word' id='word_1_131' title='bbox 1534 1226 1608 1282; x_wconf 77' lang='lat'><strong>⁸⁷),</strong></span> <span class='ocrx_word' id='word_1_132' title='bbox 1642 1225 1751 1282; x_wconf 87' lang='lat' dir='ltr'><strong>opti-</strong></span> 
     </span>
     <span class='ocr_line' id='line_1_17' title="bbox 128 1295 1753 1356; baseline 0 -13"><span class='ocrx_word' id='word_1_133' title='bbox 128 1296 224 1343; x_wconf 63' lang='lat' dir='ltr'><strong>&#39;mis</strong></span> <span class='ocrx_word' id='word_1_134' title='bbox 276 1299 505 1355; x_wconf 87' lang='lat' dir='ltr'><strong>quibusque</strong></span> <span class='ocrx_word' id='word_1_135' title='bbox 549 1297 781 1342; x_wconf 81' lang='lat' dir='ltr'><strong>artificibus</strong></span> <span class='ocrx_word' id='word_1_136' title='bbox 823 1295 1063 1349; x_wconf 87' lang='lat' dir='ltr'><strong>arcessitis,</strong></span> <span class='ocrx_word' id='word_1_137' title='bbox 1113 1296 1393 1354; x_wconf 89' lang='lat' dir='ltr'><strong>cuiuscunque</strong></span> <span class='ocrx_word' id='word_1_138' title='bbox 1430 1299 1596 1356; x_wconf 90' lang='lat' dir='ltr'><strong>generis</strong></span> <span class='ocrx_word' id='word_1_139' title='bbox 1634 1312 1753 1343; x_wconf 88' lang='lat' dir='ltr'><strong>arma</strong></span> 
     </span>
     <span class='ocr_line' id='line_1_18' title="bbox 144 1369 1752 1428; baseline -0.001 -12"><span class='ocrx_word' id='word_1_140' title='bbox 144 1372 309 1428; x_wconf 88' lang='lat' dir='ltr'><strong>telaque</strong></span> <span class='ocrx_word' id='word_1_141' title='bbox 339 1371 538 1415; x_wconf 86' lang='lat' dir='ltr'><strong>fabricari</strong></span> <span class='ocrx_word' id='word_1_142' title='bbox 571 1371 714 1426; x_wconf 89' lang='lat' dir='ltr'><strong>atque,</strong></span> <span class='ocrx_word' id='word_1_143' title='bbox 746 1369 927 1413; x_wconf 87' lang='lat' dir='ltr'><strong>navibus</strong></span> <span class='ocrx_word' id='word_1_144' title='bbox 958 1369 1171 1413; x_wconf 85' lang='lat' dir='ltr'><strong>veteribus</strong></span> <span class='ocrx_word' id='word_1_145' title='bbox 1198 1370 1422 1423; x_wconf 86' lang='lat' dir='ltr'><strong>renovatis,</strong></span> <span class='ocrx_word' id='word_1_146' title='bbox 1457 1371 1657 1416; x_wconf 88' lang='lat' dir='ltr'><strong>ducentas</strong></span> <span class='ocrx_word' id='word_1_147' title='bbox 1679 1385 1752 1415; x_wconf 85' lang='lat' dir='ltr'><strong>no-</strong></span> 
     </span>
     <span class='ocr_line' id='line_1_19' title="bbox 147 1441 1753 1500; baseline -0.001 -12"><span class='ocrx_word' id='word_1_148' title='bbox 147 1457 218 1488; x_wconf 90' lang='lat' dir='ltr'><strong>vas</strong></span> <span class='ocrx_word' id='word_1_149' title='bbox 249 1444 534 1500; x_wconf 87' lang='lat' dir='ltr'><strong>quadriremes</strong></span> <span class='ocrx_word' id='word_1_150' title='bbox 569 1443 610 1487; x_wconf 92' lang='lat' dir='ltr'><strong>et</strong></span> <span class='ocrx_word' id='word_1_151' title='bbox 641 1441 958 1498; x_wconf 88' lang='lat' dir='ltr'><strong>quinqueremes</strong></span> <span class='ocrx_word' id='word_1_152' title='bbox 989 1442 1041 1485; x_wconf 87' lang='lat' dir='ltr'><strong>ab</strong></span> <span class='ocrx_word' id='word_1_153' title='bbox 1075 1455 1120 1485; x_wconf 92' lang='lat' dir='ltr'><strong>eo</strong></span> <span class='ocrx_word' id='word_1_154' title='bbox 1151 1442 1410 1500; x_wconf 75' lang='lat' dir='ltr'><strong>inventas38)</strong></span> <span class='ocrx_word' id='word_1_155' title='bbox 1434 1444 1591 1487; x_wconf 84' lang='lat' dir='ltr'><strong>exstrui</strong></span> <span class='ocrx_word' id='word_1_156' title='bbox 1613 1445 1655 1487; x_wconf 94' lang='lat' dir='ltr'><strong>et</strong></span> <span class='ocrx_word' id='word_1_157' title='bbox 1683 1457 1753 1487; x_wconf 88' lang='lat' dir='ltr'><strong>ca-</strong></span> 
     </span>
     <span class='ocr_line' id='line_1_20' title="bbox 149 1514 1595 1573; baseline -0.001 -13"><span class='ocrx_word' id='word_1_158' title='bbox 149 1516 336 1572; x_wconf 87' lang='lat' dir='ltr'><strong>tapultas</strong></span> <span class='ocrx_word' id='word_1_159' title='bbox 367 1516 478 1569; x_wconf 87' lang='lat' dir='ltr'><strong>illas,</strong></span> <span class='ocrx_word' id='word_1_160' title='bbox 511 1528 611 1571; x_wconf 88' lang='lat' dir='ltr'><strong>quas</strong></span> <span class='ocrx_word' id='word_1_161' title='bbox 643 1514 755 1559; x_wconf 91' lang='lat' dir='ltr'><strong>idem</strong></span> <span class='ocrx_word' id='word_1_162' title='bbox 785 1514 994 1559; x_wconf 85' lang='lat' dir='ltr'><strong>invenisse</strong></span> <span class='ocrx_word' id='word_1_163' title='bbox 1027 1514 1181 1558; x_wconf 88' lang='lat' dir='ltr'><strong>dicitur</strong></span> <span class='ocrx_word' id='word_1_164' title='bbox 1213 1515 1358 1559; x_wconf 87' lang='lat' dir='ltr'><strong>confici</strong></span> <span class='ocrx_word' id='word_1_165' title='bbox 1385 1516 1595 1573; x_wconf 60' lang='lat' dir='ltr'><strong>jussitssv).</strong></span> 
     </span>
    </p>

    <p class='ocr_par' dir='ltr' id='par_1_3' title="bbox 151 1587 1755 2011">
     <span class='ocr_line' id='line_1_21' title="bbox 272 1587 1753 1645; baseline 0.001 -12"><span class='ocrx_word' id='word_1_166' title='bbox 272 1589 340 1634; x_wconf 90' lang='lat' dir='ltr'><strong>Sic</strong></span> <span class='ocrx_word' id='word_1_167' title='bbox 370 1589 473 1633; x_wconf 88' lang='lat' dir='ltr'><strong>bene</strong></span> <span class='ocrx_word' id='word_1_168' title='bbox 505 1588 748 1641; x_wconf 87' lang='lat' dir='ltr'><strong>instructus,</strong></span> <span class='ocrx_word' id='word_1_169' title='bbox 781 1601 910 1644; x_wconf 89' lang='lat' dir='ltr'><strong>quum</strong></span> <span class='ocrx_word' id='word_1_170' title='bbox 941 1587 1065 1632; x_wconf 88' lang='lat' dir='ltr'><strong>urbes</strong></span> <span class='ocrx_word' id='word_1_171' title='bbox 1087 1589 1359 1645; x_wconf 87' lang='lat' dir='ltr'><strong>gravissimas</strong></span> <span class='ocrx_word' id='word_1_172' title='bbox 1381 1589 1620 1634; x_wconf 84' lang='lat' dir='ltr'><strong>Messanam</strong></span> <span class='ocrx_word' id='word_1_173' title='bbox 1641 1590 1753 1634; x_wconf 86' lang='lat' dir='ltr'><strong>Rhe-</strong></span> 
     </span>
     <span class='ocr_line' id='line_1_22' title="bbox 154 1662 1754 1720; baseline 0.001 -14"><span class='ocrx_word' id='word_1_174' title='bbox 154 1663 352 1720; x_wconf 89' lang='lat' dir='ltr'><strong>giumque</strong></span> <span class='ocrx_word' id='word_1_175' title='bbox 384 1662 549 1707; x_wconf 88' lang='lat' dir='ltr'><strong>foedere</strong></span> <span class='ocrx_word' id='word_1_176' title='bbox 581 1663 722 1707; x_wconf 89' lang='lat' dir='ltr'><strong>secum</strong></span> <span class='ocrx_word' id='word_1_177' title='bbox 753 1662 1006 1719; x_wconf 79' lang='lat' dir='ltr'><strong>conjungere</strong></span> <span class='ocrx_word' id='word_1_178' title='bbox 1039 1662 1245 1715; x_wconf 88' lang='lat' dir='ltr'><strong>studeret,</strong></span> <span class='ocrx_word' id='word_1_179' title='bbox 1280 1663 1395 1707; x_wconf 88' lang='lat' dir='ltr'><strong>illam</strong></span> <span class='ocrx_word' id='word_1_180' title='bbox 1430 1663 1598 1720; x_wconf 89' lang='lat' dir='ltr'><strong>quidem</strong></span> <span class='ocrx_word' id='word_1_181' title='bbox 1629 1664 1754 1708; x_wconf 90' lang='lat' dir='ltr'><strong>bene-</strong></span> 
     </span>
     <span class='ocr_line' id='line_1_23' title="bbox 151 1735 1755 1794; baseline 0.001 -14"><span class='ocrx_word' id='word_1_182' title='bbox 151 1736 259 1781; x_wconf 85' lang='lat' dir='ltr'><strong>ficiis</strong></span> <span class='ocrx_word' id='word_1_183' title='bbox 290 1735 372 1780; x_wconf 90' lang='lat' dir='ltr'><strong>sibi</strong></span> <span class='ocrx_word' id='word_1_184' title='bbox 403 1735 656 1788; x_wconf 79' lang='lat' dir='ltr'><strong>conciliavit,</strong></span> <span class='ocrx_word' id='word_1_185' title='bbox 690 1735 763 1779; x_wconf 88' lang='lat' dir='ltr'><strong>sed</strong></span> <span class='ocrx_word' id='word_1_186' title='bbox 794 1748 819 1778; x_wconf 89' lang='lat' dir='ltr'><strong>a</strong></span> <span class='ocrx_word' id='word_1_187' title='bbox 839 1735 1058 1792; x_wconf 89' lang='lat' dir='ltr'><strong>Rheginis,</strong></span> <span class='ocrx_word' id='word_1_188' title='bbox 1091 1749 1218 1792; x_wconf 91' lang='lat' dir='ltr'><strong>quum</strong></span> <span class='ocrx_word' id='word_1_189' title='bbox 1240 1736 1461 1794; x_wconf 89' lang='lat' dir='ltr'><strong>conjugem</strong></span> <span class='ocrx_word' id='word_1_190' title='bbox 1482 1738 1656 1793; x_wconf 89' lang='lat' dir='ltr'><strong>peteret,</strong></span> <span class='ocrx_word' id='word_1_191' title='bbox 1689 1751 1755 1781; x_wconf 90' lang='lat' dir='ltr'><strong>re-</strong></span> 
     </span>
     <span class='ocr_line' id='line_1_24' title="bbox 152 1808 1753 1866; baseline 0.001 -14"><span class='ocrx_word' id='word_1_192' title='bbox 152 1809 349 1865; x_wconf 88' lang='lat' dir='ltr'><strong>pudiatus</strong></span> <span class='ocrx_word' id='word_1_193' title='bbox 386 1809 587 1852; x_wconf 90' lang='lat' dir='ltr'><strong>Doridem</strong></span> <span class='ocrx_word' id='word_1_194' title='bbox 626 1808 836 1864; x_wconf 89' lang='lat' dir='ltr'><strong>quandam</strong></span> <span class='ocrx_word' id='word_1_195' title='bbox 875 1808 1122 1852; x_wconf 86' lang='lat' dir='ltr'><strong>Locrensem</strong></span> <span class='ocrx_word' id='word_1_196' title='bbox 1160 1808 1312 1852; x_wconf 91' lang='lat' dir='ltr'><strong>Xeneti</strong></span> <span class='ocrx_word' id='word_1_197' title='bbox 1358 1809 1490 1853; x_wconf 90' lang='lat' dir='ltr'><strong>filiam</strong></span> <span class='ocrx_word' id='word_1_198' title='bbox 1528 1809 1753 1866; x_wconf 88' lang='lat' dir='ltr'><strong>eodemque</strong></span> 
     </span>
     <span class='ocr_line' id='line_1_25' title="bbox 153 1880 1755 1938; baseline 0.001 -13"><span class='ocrx_word' id='word_1_199' title='bbox 153 1882 221 1925; x_wconf 89' lang='lat' dir='ltr'><strong>die</strong></span> <span class='ocrx_word' id='word_1_200' title='bbox 254 1881 384 1925; x_wconf 90' lang='lat' dir='ltr'><strong>etiam</strong></span> <span class='ocrx_word' id='word_1_201' title='bbox 417 1881 720 1938; x_wconf 87' lang='lat' dir='ltr'><strong>Syracusanam</strong></span> <span class='ocrx_word' id='word_1_202' title='bbox 752 1880 1075 1925; x_wconf 85' lang='lat' dir='ltr'><strong>Aristomachen</strong></span> <span class='ocrx_word' id='word_1_203' title='bbox 1107 1882 1306 1938; x_wconf 87' lang='lat' dir='ltr'><strong>conjuges</strong></span> <span class='ocrx_word' id='word_1_204' title='bbox 1339 1881 1471 1925; x_wconf 84' lang='lat' dir='ltr'><strong>duxit.</strong></span> <span class='ocrx_word' id='word_1_205' title='bbox 1505 1881 1570 1925; x_wconf 93' lang='lat' dir='ltr'><strong>Ol.</strong></span> <span class='ocrx_word' id='word_1_206' title='bbox 1606 1883 1755 1935; x_wconf 74' lang='lat'><strong>95,3=</strong></span> 
     </span>
     <span class='ocr_line' id='line_1_26' title="bbox 154 1953 1754 2011; baseline 0.001 -13"><span class='ocrx_word' id='word_1_207' title='bbox 154 1954 240 1998; x_wconf 85' lang='lat'><strong>398</strong></span> <span class='ocrx_word' id='word_1_208' title='bbox 254 1953 328 2011; x_wconf 81' lang='lat'><strong>⁴⁰).</strong></span> <span class='ocrx_word' id='word_1_209' title='bbox 402 1953 552 1998; x_wconf 88' lang='lat' dir='ltr'><strong>Paucis</strong></span> <span class='ocrx_word' id='word_1_210' title='bbox 594 1953 741 1997; x_wconf 89' lang='lat' dir='ltr'><strong>diebus</strong></span> <span class='ocrx_word' id='word_1_211' title='bbox 788 1954 881 2010; x_wconf 89' lang='lat' dir='ltr'><strong>post</strong></span> <span class='ocrx_word' id='word_1_212' title='bbox 925 1953 1094 2010; x_wconf 88' lang='lat' dir='ltr'><strong>nuptias</strong></span> <span class='ocrx_word' id='word_1_213' title='bbox 1138 1954 1372 1999; x_wconf 89' lang='lat' dir='ltr'><strong>celebratas</strong></span> <span class='ocrx_word' id='word_1_214' title='bbox 1416 1954 1754 2011; x_wconf 88' lang='lat' dir='ltr'><strong>splendidissimo</strong></span> 
     </span>
    </p>
   </div>
   <div class='ocr_carea' id='block_1_3' title="bbox 152 2053 442 2058">
    <p class='ocr_par' dir='ltr' id='par_1_4' title="bbox 152 2053 442 2058">
     <span class='ocr_line' id='line_1_27' title="bbox 152 2053 442 2058; baseline 0 0"><span class='ocrx_word' id='word_1_215' title='bbox 152 2053 442 2058; x_wconf 95' lang='lat' dir='ltr'><strong> </strong></span> 
     </span>
    </p>
   </div>
   <div class='ocr_carea' id='block_1_4' title="bbox 155 2110 1757 2401">
    <p class='ocr_par' dir='ltr' id='par_1_5' title="bbox 252 2110 685 2158">
     <span class='ocr_line' id='line_1_28' title="bbox 252 2110 685 2158; baseline 0 -10"><span class='ocrx_word' id='word_1_216' title='bbox 252 2111 299 2158; x_wconf 61' lang='grc'><strong>84)</strong></span> <span class='ocrx_word' id='word_1_217' title='bbox 333 2110 388 2149; x_wconf 80' lang='lat' dir='ltr'><strong>cf.</strong></span> <span class='ocrx_word' id='word_1_218' title='bbox 407 2110 513 2148; x_wconf 87' lang='lat' dir='ltr'><strong>Diod.</strong></span> <span class='ocrx_word' id='word_1_219' title='bbox 532 2111 632 2155; x_wconf 86' lang='lat' dir='ltr'><strong>XIV,</strong></span> <span class='ocrx_word' id='word_1_220' title='bbox 653 2111 685 2148; x_wconf 83' lang='lat'><strong>7.</strong></span> 
     </span>
    </p>

    <p class='ocr_par' dir='ltr' id='par_1_6' title="bbox 155 2172 1757 2277">
     <span class='ocr_line' id='line_1_29' title="bbox 251 2172 1757 2219; baseline 0.001 -10"><span class='ocrx_word' id='word_1_221' title='bbox 251 2172 299 2218; x_wconf 79' lang='lat'><strong>³⁶)</strong></span> <span class='ocrx_word' id='word_1_222' title='bbox 333 2172 388 2210; x_wconf 81' lang='lat' dir='ltr'><strong>Cf.</strong></span> <span class='ocrx_word' id='word_1_223' title='bbox 406 2172 512 2209; x_wconf 89' lang='lat' dir='ltr'><strong>Diod.</strong></span> <span class='ocrx_word' id='word_1_224' title='bbox 532 2173 631 2217; x_wconf 88' lang='lat' dir='ltr'><strong>XIV,</strong></span> <span class='ocrx_word' id='word_1_225' title='bbox 650 2174 684 2217; x_wconf 85' lang='lat'><strong>8,</strong></span> <span class='ocrx_word' id='word_1_226' title='bbox 704 2175 745 2217; x_wconf 84' lang='lat'><strong>93</strong></span> <span class='ocrx_word' id='word_1_227' title='bbox 776 2173 857 2216; x_wconf 83' lang='lat' dir='ltr'><strong>XX,</strong></span> <span class='ocrx_word' id='word_1_228' title='bbox 880 2173 935 2216; x_wconf 81' lang='lat'><strong>78,</strong></span> <span class='ocrx_word' id='word_1_229' title='bbox 971 2172 1133 2209; x_wconf 86' lang='lat' dir='ltr'><strong>Niehues</strong></span> <span class='ocrx_word' id='word_1_230' title='bbox 1149 2184 1183 2219; x_wconf 90' lang='lat' dir='ltr'><strong>p.</strong></span> <span class='ocrx_word' id='word_1_231' title='bbox 1203 2173 1261 2209; x_wconf 84' lang='lat'><strong>25.</strong></span> <span class='ocrx_word' id='word_1_232' title='bbox 1297 2172 1425 2209; x_wconf 85' lang='lat' dir='ltr'><strong>Grotc:</strong></span> <span class='ocrx_word' id='word_1_233' title='bbox 1456 2172 1634 2219; x_wconf 61' lang='lat' dir='ltr'><strong>&amp;efcbidyte</strong></span> <span class='ocrx_word' id='word_1_234' title='bbox 1655 2173 1757 2211; x_wconf 55' lang='lat' dir='ltr'><strong>&amp;riez</strong></span> 
     </span>
     <span class='ocr_line' id='line_1_30' title="bbox 155 2233 499 2277; baseline 0 -8"><span class='ocrx_word' id='word_1_235' title='bbox 155 2233 334 2277; x_wconf 52' lang='lat' dir='ltr'><strong>wentanus</strong></span> <span class='ocrx_word' id='word_1_236' title='bbox 353 2233 397 2275; x_wconf 90' lang='lat' dir='ltr'><strong>V,</strong></span> <span class='ocrx_word' id='word_1_237' title='bbox 416 2234 499 2269; x_wconf 82' lang='lat'><strong>679.</strong></span> 
     </span>
    </p>

    <p class='ocr_par' dir='ltr' id='par_1_7' title="bbox 253 2292 709 2340">
     <span class='ocr_line' id='line_1_31' title="bbox 253 2292 709 2340; baseline 0 -9"><span class='ocrx_word' id='word_1_238' title='bbox 253 2292 300 2340; x_wconf 78' lang='lat'><strong>⁸⁰)</strong></span> <span class='ocrx_word' id='word_1_239' title='bbox 334 2292 390 2331; x_wconf 82' lang='lat' dir='ltr'><strong>cf.</strong></span> <span class='ocrx_word' id='word_1_240' title='bbox 408 2293 515 2331; x_wconf 88' lang='lat' dir='ltr'><strong>Diod.</strong></span> <span class='ocrx_word' id='word_1_241' title='bbox 534 2293 633 2337; x_wconf 92' lang='lat' dir='ltr'><strong>XIV,</strong></span> <span class='ocrx_word' id='word_1_242' title='bbox 652 2294 709 2331; x_wconf 87' lang='lat'><strong>15.</strong></span> 
     </span>
    </p>

    <p class='ocr_par' dir='ltr' id='par_1_8' title="bbox 253 2354 710 2401">
     <span class='ocr_line' id='line_1_32' title="bbox 253 2354 710 2401; baseline 0 -10"><span class='ocrx_word' id='word_1_243' title='bbox 253 2354 300 2401; x_wconf 76' lang='lat'><strong>³⁷)</strong></span> <span class='ocrx_word' id='word_1_244' title='bbox 335 2354 390 2392; x_wconf 81' lang='lat' dir='ltr'><strong>Of.</strong></span> <span class='ocrx_word' id='word_1_245' title='bbox 408 2354 515 2391; x_wconf 85' lang='lat' dir='ltr'><strong>Diod.</strong></span> <span class='ocrx_word' id='word_1_246' title='bbox 534 2355 633 2398; x_wconf 88' lang='lat' dir='ltr'><strong>x1v,</strong></span> <span class='ocrx_word' id='word_1_247' title='bbox 653 2356 710 2391; x_wconf 87' lang='lat'><strong>18.</strong></span> 
     </span>
    </p>
   </div>
   <div class='ocr_carea' id='block_1_5' title="bbox 155 2414 1757 2519">
    <p class='ocr_par' dir='ltr' id='par_1_9' title="bbox 155 2414 1757 2519">
     <span class='ocr_line' id='line_1_33' title="bbox 254 2414 1757 2464; baseline 0.002 -13"><span class='ocrx_word' id='word_1_248' title='bbox 254 2415 301 2461; x_wconf 81' lang='lat'>¹³⁸)</span> <span class='ocrx_word' id='word_1_249' title='bbox 335 2414 390 2452; x_wconf 86' lang='lat' dir='ltr'><strong>Cf.</strong></span> <span class='ocrx_word' id='word_1_250' title='bbox 426 2415 589 2463; x_wconf 88' lang='lat' dir='ltr'><strong>Thucyd.</strong></span> <span class='ocrx_word' id='word_1_251' title='bbox 623 2416 654 2459; x_wconf 89' lang='grc' dir='ltr'><strong>Ι,</strong></span> <span class='ocrx_word' id='word_1_252' title='bbox 675 2417 731 2453; x_wconf 91' lang='grc'><strong>13.</strong></span> <span class='ocrx_word' id='word_1_253' title='bbox 777 2414 884 2452; x_wconf 90' lang='lat' dir='ltr'><strong>Diod.</strong></span> <span class='ocrx_word' id='word_1_254' title='bbox 920 2415 1020 2458; x_wconf 91' lang='lat' dir='ltr'><strong>XIV,</strong></span> <span class='ocrx_word' id='word_1_255' title='bbox 1054 2416 1113 2452; x_wconf 88' lang='grc'><strong>41.</strong></span> <span class='ocrx_word' id='word_1_256' title='bbox 1164 2415 1218 2451; x_wconf 86' lang='lat' dir='ltr'><strong>De</strong></span> <span class='ocrx_word' id='word_1_257' title='bbox 1254 2416 1509 2464; x_wconf 88' lang='lat' dir='ltr'><strong>quinqueremi</strong></span> <span class='ocrx_word' id='word_1_258' title='bbox 1545 2416 1627 2453; x_wconf 86' lang='lat' dir='ltr'><strong>vide</strong></span> <span class='ocrx_word' id='word_1_259' title='bbox 1660 2417 1757 2464; x_wconf 82' lang='lat' dir='ltr'><strong>apud</strong></span> 
     </span>
     <span class='ocr_line' id='line_1_34' title="bbox 155 2474 449 2519; baseline 0.007 -8"><span class='ocrx_word' id='word_1_260' title='bbox 155 2474 289 2512; x_wconf 88' lang='lat' dir='ltr'><strong>Herod.</strong></span> <span class='ocrx_word' id='word_1_261' title='bbox 307 2476 372 2519; x_wconf 93' lang='lat' dir='ltr'><strong>VI,</strong></span> <span class='ocrx_word' id='word_1_262' title='bbox 391 2476 449 2513; x_wconf 83' lang='lat'><strong>87.</strong></span> 
     </span>
    </p>
   </div>
   <div class='ocr_carea' id='block_1_6' title="bbox 157 2535 1761 2888">
    <p class='ocr_par' dir='ltr' id='par_1_10' title="bbox 157 2535 1757 2644">
     <span class='ocr_line' id='line_1_35' title="bbox 254 2535 1757 2583; baseline 0.001 -10"><span class='ocrx_word' id='word_1_263' title='bbox 254 2535 302 2582; x_wconf 80' lang='lat'><strong>⁸⁹)</strong></span> <span class='ocrx_word' id='word_1_264' title='bbox 336 2535 392 2573; x_wconf 83' lang='lat' dir='ltr'><strong>Of.</strong></span> <span class='ocrx_word' id='word_1_265' title='bbox 420 2535 528 2573; x_wconf 88' lang='lat' dir='ltr'><strong>Diod.</strong></span> <span class='ocrx_word' id='word_1_266' title='bbox 548 2536 648 2580; x_wconf 84' lang='lat' dir='ltr'><strong>XIV;</strong></span> <span class='ocrx_word' id='word_1_267' title='bbox 666 2536 725 2580; x_wconf 83' lang='lat'><strong>42,</strong></span> <span class='ocrx_word' id='word_1_268' title='bbox 742 2537 802 2574; x_wconf 84' lang='lat'><strong>43.</strong></span> <span class='ocrx_word' id='word_1_269' title='bbox 835 2536 937 2573; x_wconf 91' lang='lat' dir='ltr'><strong>Plut.</strong></span> <span class='ocrx_word' id='word_1_270' title='bbox 955 2546 1072 2583; x_wconf 85' lang='lat' dir='ltr'><strong>praec.</strong></span> <span class='ocrx_word' id='word_1_271' title='bbox 1097 2536 1187 2583; x_wconf 91' lang='lat' dir='ltr'><strong>reip.</strong></span> <span class='ocrx_word' id='word_1_272' title='bbox 1206 2547 1282 2582; x_wconf 86' lang='lat' dir='ltr'><strong>ger.</strong></span> <span class='ocrx_word' id='word_1_273' title='bbox 1307 2537 1357 2574; x_wconf 91' lang='grc' dir='ltr'><strong>Π.</strong></span> <span class='ocrx_word' id='word_1_274' title='bbox 1388 2548 1421 2583; x_wconf 93' lang='lat' dir='ltr'><strong>p.</strong></span> <span class='ocrx_word' id='word_1_275' title='bbox 1442 2537 1524 2574; x_wconf 82' lang='lat'><strong>261.</strong></span> <span class='ocrx_word' id='word_1_276' title='bbox 1571 2537 1757 2583; x_wconf 87' lang='lat' dir='ltr'><strong>Imprimis</strong></span> 
     </span>
     <span class='ocr_line' id='line_1_36' title="bbox 157 2595 789 2644; baseline 0.006 -12"><span class='ocrx_word' id='word_1_277' title='bbox 157 2595 318 2633; x_wconf 86' lang='lat' dir='ltr'><strong>Niehues</strong></span> <span class='ocrx_word' id='word_1_278' title='bbox 333 2608 369 2644; x_wconf 88' lang='lat' dir='ltr'><strong>p.</strong></span> <span class='ocrx_word' id='word_1_279' title='bbox 387 2598 434 2634; x_wconf 84' lang='lat'><strong>29</strong></span> <span class='ocrx_word' id='word_1_280' title='bbox 452 2609 530 2644; x_wconf 87' lang='lat' dir='ltr'><strong>sqq.</strong></span> <span class='ocrx_word' id='word_1_281' title='bbox 772 2603 789 2611; x_wconf 50' lang='lat'><strong>⁸</strong></span> 
     </span>
    </p>

    <p class='ocr_par' dir='ltr' id='par_1_11' title="bbox 158 2656 1761 2888">
     <span class='ocr_line' id='line_1_37' title="bbox 255 2656 1756 2703; baseline 0.001 -10"><span class='ocrx_word' id='word_1_282' title='bbox 255 2656 303 2703; x_wconf 83' lang='lat'><strong>⁴⁰)</strong></span> <span class='ocrx_word' id='word_1_283' title='bbox 338 2656 393 2694; x_wconf 82' lang='lat' dir='ltr'><strong>Of.</strong></span> <span class='ocrx_word' id='word_1_284' title='bbox 410 2657 517 2694; x_wconf 90' lang='lat' dir='ltr'><strong>Diod.</strong></span> <span class='ocrx_word' id='word_1_285' title='bbox 536 2657 634 2701; x_wconf 89' lang='lat' dir='ltr'><strong>XIV,</strong></span> <span class='ocrx_word' id='word_1_286' title='bbox 651 2658 713 2695; x_wconf 86' lang='lat'><strong>44.</strong></span> <span class='ocrx_word' id='word_1_287' title='bbox 746 2657 847 2694; x_wconf 90' lang='lat' dir='ltr'><strong>Plut.</strong></span> <span class='ocrx_word' id='word_1_288' title='bbox 866 2656 996 2693; x_wconf 84' lang='lat' dir='ltr'><strong>Timol.</strong></span> <span class='ocrx_word' id='word_1_289' title='bbox 1016 2668 1044 2694; x_wconf 91' lang='lat' dir='ltr'><strong>c.</strong></span> <span class='ocrx_word' id='word_1_290' title='bbox 1063 2658 1096 2701; x_wconf 89' lang='grc'><strong>6,</strong></span> <span class='ocrx_word' id='word_1_291' title='bbox 1114 2657 1211 2694; x_wconf 90' lang='lat' dir='ltr'><strong>Dion</strong></span> <span class='ocrx_word' id='word_1_292' title='bbox 1229 2668 1258 2694; x_wconf 86' lang='lat' dir='ltr'><strong>e.</strong></span> <span class='ocrx_word' id='word_1_293' title='bbox 1276 2658 1299 2694; x_wconf 88' lang='lat'><strong>3</strong></span> <span class='ocrx_word' id='word_1_294' title='bbox 1319 2656 1451 2694; x_wconf 86' lang='lat' dir='ltr'><strong>Aelian</strong></span> <span class='ocrx_word' id='word_1_295' title='bbox 1468 2668 1502 2694; x_wconf 83' lang='lat' dir='ltr'><strong>v.</strong></span> <span class='ocrx_word' id='word_1_296' title='bbox 1519 2656 1556 2694; x_wconf 90' lang='lat' dir='ltr'><strong>h.</strong></span> <span class='ocrx_word' id='word_1_297' title='bbox 1574 2656 1680 2701; x_wconf 91' lang='lat' dir='ltr'><strong>XIII,</strong></span> <span class='ocrx_word' id='word_1_298' title='bbox 1700 2658 1756 2695; x_wconf 89' lang='lat'><strong>10.</strong></span> 
     </span>
     <span class='ocr_line' id='line_1_38' title="bbox 158 2717 1755 2767; baseline 0.001 -13"><span class='ocrx_word' id='word_1_299' title='bbox 158 2717 212 2754; x_wconf 88' lang='lat' dir='ltr'><strong>Ex</strong></span> <span class='ocrx_word' id='word_1_300' title='bbox 228 2717 289 2755; x_wconf 91' lang='lat' dir='ltr'><strong>his</strong></span> <span class='ocrx_word' id='word_1_301' title='bbox 306 2717 535 2765; x_wconf 87' lang='lat' dir='ltr'><strong>conjugibus,</strong></span> <span class='ocrx_word' id='word_1_302' title='bbox 567 2731 656 2767; x_wconf 89' lang='lat' dir='ltr'><strong>quas</strong></span> <span class='ocrx_word' id='word_1_303' title='bbox 681 2731 833 2766; x_wconf 87' lang='lat' dir='ltr'><strong>semper,</strong></span> <span class='ocrx_word' id='word_1_304' title='bbox 863 2718 1032 2755; x_wconf 85' lang='lat' dir='ltr'><strong>mirabile</strong></span> <span class='ocrx_word' id='word_1_305' title='bbox 1050 2718 1164 2761; x_wconf 90' lang='lat' dir='ltr'><strong>dictu,</strong></span> <span class='ocrx_word' id='word_1_306' title='bbox 1197 2719 1276 2766; x_wconf 86' lang='lat' dir='ltr'><strong>pari</strong></span> <span class='ocrx_word' id='word_1_307' title='bbox 1296 2730 1416 2755; x_wconf 87' lang='lat' dir='ltr'><strong>amore</strong></span> <span class='ocrx_word' id='word_1_308' title='bbox 1433 2718 1620 2765; x_wconf 84' lang='lat' dir='ltr'><strong>amplexus</strong></span> <span class='ocrx_word' id='word_1_309' title='bbox 1636 2721 1694 2756; x_wconf 80' lang='lat' dir='ltr'><strong>est</strong></span> <span class='ocrx_word' id='word_1_310' title='bbox 1711 2740 1755 2745; x_wconf 93' lang='lat'><strong>——</strong></span> 
     </span>
     <span class='ocr_line' id='line_1_39' title="bbox 158 2778 1758 2826; baseline 0.001 -12"><span class='ocrx_word' id='word_1_311' title='bbox 158 2778 237 2815; x_wconf 88' lang='lat' dir='ltr'><strong>Ael.</strong></span> <span class='ocrx_word' id='word_1_312' title='bbox 256 2790 290 2814; x_wconf 84' lang='lat' dir='ltr'><strong>v.</strong></span> <span class='ocrx_word' id='word_1_313' title='bbox 307 2778 343 2815; x_wconf 90' lang='lat' dir='ltr'><strong>h.</strong></span> <span class='ocrx_word' id='word_1_314' title='bbox 361 2778 466 2821; x_wconf 93' lang='lat' dir='ltr'><strong>XIII,</strong></span> <span class='ocrx_word' id='word_1_315' title='bbox 487 2781 533 2816; x_wconf 89' lang='grc'><strong>10</strong></span> <span class='ocrx_word' id='word_1_316' title='bbox 552 2800 597 2805; x_wconf 83' lang='grc'><strong>-</strong></span> <span class='ocrx_word' id='word_1_317' title='bbox 615 2782 756 2826; x_wconf 85' lang='lat' dir='ltr'><strong>septem</strong></span> <span class='ocrx_word' id='word_1_318' title='bbox 773 2780 882 2816; x_wconf 88' lang='lat' dir='ltr'><strong>liberi</strong></span> <span class='ocrx_word' id='word_1_319' title='bbox 898 2780 981 2816; x_wconf 86' lang='lat' dir='ltr'><strong>nati</strong></span> <span class='ocrx_word' id='word_1_320' title='bbox 999 2781 1097 2816; x_wconf 86' lang='lat' dir='ltr'><strong>sunt.</strong></span> <span class='ocrx_word' id='word_1_321' title='bbox 1132 2779 1185 2815; x_wconf 85' lang='lat' dir='ltr'><strong>Ex</strong></span> <span class='ocrx_word' id='word_1_322' title='bbox 1202 2779 1337 2815; x_wconf 91' lang='lat' dir='ltr'><strong>Doride</strong></span> <span class='ocrx_word' id='word_1_323' title='bbox 1367 2779 1456 2815; x_wconf 87' lang='lat' dir='ltr'><strong>duos</strong></span> <span class='ocrx_word' id='word_1_324' title='bbox 1485 2779 1592 2823; x_wconf 89' lang='lat' dir='ltr'><strong>filios,</strong></span> <span class='ocrx_word' id='word_1_325' title='bbox 1620 2779 1758 2826; x_wconf 89' lang='lat' dir='ltr'><strong>Diony-</strong></span> 
     </span>
     <span class='ocr_line' id='line_1_40' title="bbox 159 2832 1761 2888; baseline 0.002 -14"><span class='ocrx_word' id='word_1_326' title='bbox 159 2837 255 2875; x_wconf 85' lang='lat' dir='ltr'><strong>sium</strong></span> <span class='ocrx_word' id='word_1_327' title='bbox 270 2832 310 2876; x_wconf 89' lang='lat' dir='ltr'>H</span> <span class='ocrx_word' id='word_1_328' title='bbox 326 2839 365 2876; x_wconf 90' lang='lat' dir='ltr'><strong>et</strong></span> <span class='ocrx_word' id='word_1_329' title='bbox 381 2837 651 2887; x_wconf 83' lang='lat' dir='ltr'><strong>Apollocratcm</strong></span> <span class='ocrx_word' id='word_1_330' title='bbox 680 2846 720 2877; x_wconf 86' lang='lat' dir='ltr'><strong>et</strong></span> <span class='ocrx_word' id='word_1_331' title='bbox 748 2851 859 2878; x_wconf 86' lang='lat' dir='ltr'><strong>unam</strong></span> <span class='ocrx_word' id='word_1_332' title='bbox 889 2840 1007 2877; x_wconf 84' lang='lat' dir='ltr'><strong>filiam</strong></span> <span class='ocrx_word' id='word_1_333' title='bbox 1027 2840 1283 2888; x_wconf 83' lang='lat' dir='ltr'><strong>Dicaeosynen</strong></span> <span class='ocrx_word' id='word_1_334' title='bbox 1311 2839 1455 2884; x_wconf 85' lang='lat' dir='ltr'><strong>habuit,</strong></span> <span class='ocrx_word' id='word_1_335' title='bbox 1488 2851 1579 2888; x_wconf 88' lang='lat' dir='ltr'><strong>quae</strong></span> <span class='ocrx_word' id='word_1_336' title='bbox 1609 2840 1761 2888; x_wconf 86' lang='lat' dir='ltr'><strong>Leptini</strong></span> 
     </span>
    </p>
   </div>
  </div>
 </body>
</html>
