1916 3085
277 184 358 231 Sed
391 189 444 232 ad
476 190 725 252 Dionysium
758 201 990 248 redeamus,
1025 197 1097 253 qui
1118 198 1335 256 Syracusis
1362 201 1557 257 expulsus
1577 197 1762 257 primum

153 255 379 315 Rhegium,
424 276 505 319 qua
536 265 581 310 in
613 270 715 314 urbe
748 273 923 328 quatuor
953 282 1028 325 per
1058 285 1208 326 annos,
1254 286 1331 318 nec
1372 274 1472 330 puto
1513 273 1760 319 clementius

152 329 393 387 Syracusis,
435 350 612 394 regnum
652 343 841 398 tenebat,
887 348 1016 390 donec
1046 360 1071 390 a
1104 345 1291 401 Callippo
1322 359 1360 389 a.
1404 347 1516 399 352,
1560 348 1608 389 ut
1645 346 1758 391 infra

153 403 474 462 explicabimus,
508 412 666 459 eiectus
698 417 848 464 Locros
881 433 924 464 se
956 419 1169 476 recepit4).
1234 419 1438 463 Attamen
1477 421 1593 475 spem
1634 419 1761 476 Syra-

152 489 400 524 cusanorum
432 483 700 540 tyrannidem
732 493 1022 549 recuperandi
1039 494 1101 537 ita
1132 506 1215 537 non
1254 492 1489 550 abiecerat,
1529 492 1578 534 ut
1616 503 1758 534 eorum

151 561 216 630 res
248 563 329 594 non
362 566 524 612 semper
555 562 780 616 respiceret
809 567 934 623 atque
965 567 1105 611 mente
1135 566 1466 623 prosequeretur.
1529 564 1758 620 Postquam

150 623 285 678 1g1tur
316 628 623 677 contentionem
655 634 766 680 inter
797 639 1067 684 Heraclidem
1101 640 1143 684 et
1174 639 1366 693 Dionem,
1399 638 1624 683 seditiones
1654 635 1758 680 Dio-

150 707 327 753 nemque
360 702 538 758 ejectum
578 708 763 763 audivit,
806 714 1062 757 occasionem
1104 712 1218 756 haud
1257 711 1603 756 contemnendam
1641 721 1758 764 repe-

149 768 268 813 tendi
299 771 466 829 imperii
499 779 685 825 oblatam
717 797 805 829 esse
837 787 1016 842 putavit.
1080 787 1227 843 Itaque
1258 785 1467 843 Nypsium
1490 784 1624 828 civem
1644 781 1757 826 Nea-

148 842 396 900 politanum,
433 850 569 896 virum
601 856 642 898 et
674 857 921 902 fortitudine
954 860 996 903 et
1026 860 1087 903 rei
1119 859 1321 903 militaris
1343 858 1519 903 scientia
1539 856 1756 912 praestan-

155 914 242 959 tem
260 931 355 963 cum
371 922 505 969 classe
520 927 746 986 multisque
763 932 964 977 onerariis
981 933 1172 985 navibus,
1205 944 1359 988 magno
1380 930 1590 975 frumento
1612 941 1756 973 onera-

147 992 218 1046 tiS‚
238 995 465 1053 Syracusas
482 1000 614 1054 misit,
633 1002 706 1058 qui
716 1004 1028 1060 Appollocratis
1040 1006 1148 1049 esset
1160 1004 1306 1048 socius.
1330 1003 1618 1059 Apollocrates
1626 1002 1754 1046 enim,

148 1080 278 1124 quum
299 1071 350 1115 ob
373 1072 577 1118 frumenti
598 1074 783 1133 inopiam
806 1092 969 1123 summo
991 1078 1233 1123 discrimine
1253 1077 1477 1130 laboraret,
1497 1077 1587 1135 ι13111
1605 1076 1694 1133 113111
1711 1074 1756 1118 in

147 1154 193 1185 eo
216 1144 320 1196 erat,
344 1145 393 1187 ut
422 1158 564 1190 arcem
596 1147 869 1204 Syracusanis
901 1165 997 1195 cum
1019 1152 1224 1205 omnibus,
1258 1163 1362 1207 quae
1384 1150 1551 1193 inerant
1572 1148 1755 1199 dederet,

148 1229 274 1271 quum
293 1217 428 1273 primo
445 1219 630 1266 diluculo
642 1223 684 1266 N
684 1224 794 1280 ypsii
805 1225 953 1270 classis
968 1225 1011 1269 in
1024 1226 1112 1270 alto
1129 1223 1473 1280 conspiciebatur,
1492 1235 1574 1279 qua
1590 1221 1756 1277 portum

146 1301 349 1347 magnum
380 1291 590 1349 ingressa,
630 1307 755 1351 prope
787 1296 1043 1341 Arethusam
1076 1298 1278 1353 fontem-⁵)
1312 1295 1496 1352 applicat
1527 1306 1756 1337 summam-

243 1435 273 1482 ⁴)
299 1436 391 1473 Inde
428 1437 475 1473 ab
512 1438 580 1475 hoc
617 1442 780 1488 tempore
817 1443 1088 1479 sententiarum
1126 1453 1307 1479 connexus
1343 1441 1383 1477 in
1408 1439 1578 1487 Dionysii
1603 1437 1755 1475 minoris

144 1507 257 1543 regno
301 1509 413 1545 quum
454 1502 620 1538 auctores
657 1514 723 1539 nos
761 1502 932 1544 deserant
970 1503 1212 1541 difficillimus
1250 1505 1318 1540 est.
1370 1502 1470 1539 Plut.
1509 1501 1607 1538 Dion
1647 1511 1674 1537 c.
1702 1499 1749 1536 37

143 1558 201 1593 ait
226 1560 374 1595 tantum
400 1560 590 1601 ἐξέπλευσε
621 1565 661 1599 et
685 1564 783 1600 Dion
808 1565 908 1607 XVI,
938 1565 981 1601 17
1016 1564 1153 1600 ἔλαθεν
1186 1564 1383 1603 ἐκπλεύσας
1415 1560 1476 1597 καὶ
1508 1562 1668 1610 κατῆρεν
1700 1563 1751 1600 εἰς

143 1619 213 1665 τὴν
233 1617 396 1665 Ἰταλίαν,
421 1624 577 1670 uterque
602 1624 720 1661 locum
746 1627 883 1669 autem,
910 1637 980 1673 quo
1007 1637 1044 1663 se
1071 1626 1272 1662 contulerit
1297 1624 1449 1661 minime
1475 1622 1626 1660 indicat.
1663 1622 1750 1659 Sen-

144 1681 303 1716 tentiam
344 1693 439 1725 vero,
480 1695 590 1730 quam
632 1687 814 1732 proposui,
853 1698 872 1722 0
912 1687 1048 1722 Justin.
1090 1687 1191 1729 XXI,
1218 1687 1241 1723 3
1279 1685 1440 1726 exhausi,
1479 1684 1544 1720 ubi
1580 1683 1749 1726 tradidit,

141 1739 362 1788 Dionysium
389 1742 515 1780 Locris
540 1756 602 1781 sex
627 1757 690 1792 per
715 1757 830 1783 annos
856 1758 1037 1794 regnasse.
1090 1746 1213 1794 Atque
1241 1757 1351 1794 quum
1384 1744 1484 1782 Plut.
1512 1744 1643 1781 Timol.
1671 1754 1700 1780 c.
1730 1744 1749 1780 1

141 1802 247 1837 nobis
272 1804 486 1849 prodiderit,
512 1806 731 1853 Dionysium
757 1807 879 1843 decem
913 1819 978 1854 per
1008 1819 1123 1843 annos
1150 1819 1171 1843 a
1196 1807 1384 1853 Syracusis
1418 1808 1599 1842 remotum
1625 1805 1749 1848 fuisse,

140 1861 282 1899 reditus
319 1865 399 1901 eius
435 1865 474 1901 in
506 1877 602 1903 anno
627 1867 700 1904 346
737 1868 925 1914 ponendus
963 1870 1037 1911 est,
1076 1867 1173 1904 unde
1210 1867 1393 1914 sequitur,
1432 1877 1516 1902 eum
1553 1864 1749 1902 secundum

140 1922 335 1961 Justinum
373 1926 420 1962 ab
447 1938 543 1963 anno
569 1928 764 1965 352—346
790 1929 915 1964 Locris
954 1928 1148 1974 imperium
1187 1928 1360 1970 tenuisse,
1398 1938 1463 1974 per
1500 1927 1637 1973 priores
1663 1935 1749 1962 vero

140 1995 255 2021 annos
293 1986 367 2022 alio
406 1989 592 2024 versatum
625 2000 701 2025 esse
741 1989 828 2025 loco.
882 1989 1004 2036 Atque
1043 1988 1211 2035 equidem
1250 1999 1334 2025 eum
1371 1999 1435 2035 per
1472 1986 1566 2023 illud
1604 1988 1749 2032 tempus

139 2045 277 2092 Rhegii
315 2047 552 2094 tyrannidem
590 2048 794 2086 obtinuisse
832 2052 943 2097 puto,
984 2049 1080 2097 quod
1120 2060 1161 2085 eo
1199 2048 1436 2086 verisimilius
1475 2059 1551 2084 esse
1589 2046 1748 2089 videtur,

117 2138 119 2140 .
140 2106 235 2153 quod
262 2119 294 2143 a.
323 2108 395 2145 352
421 2120 458 2145 re
485 2120 571 2145 vera
596 2110 766 2157 Dionysii
792 2110 1037 2158 praesidium,
1073 2110 1169 2158 quod
1194 2110 1331 2155 Rhegii
1363 2120 1483 2145 arcem
1508 2108 1700 2151 tuebatur,
1726 2119 1748 2144 a

139 2168 326 2215 Callippo,
365 2171 409 2206 ut
434 2169 532 2206 infra
557 2170 765 2214 referemus,
804 2172 964 2208 eiectum
997 2173 1064 2207 est.
1129 2170 1187 2207 Ad
1224 2170 1319 2218 quod
1357 2171 1388 2206 si
1425 2169 1538 2206 addas
1563 2169 1748 2215 Rhegium

139 2240 327 2276 nunquam
352 2241 426 2267 non
452 2230 519 2266 sub
545 2231 717 2278 Dionysii
743 2234 930 2278 potestate
956 2232 1080 2275 fuisse,
1107 2232 1213 2279 eique
1230 2243 1370 2279 semper
1386 2233 1586 2278 tyrannum
1601 2230 1747 2273 favisse,

138 2301 250 2336 quum
277 2290 404 2325 urbem
429 2302 451 2326 a
476 2293 581 2337 patre
608 2303 752 2337 prorsus
778 2292 952 2334 dirutam,
979 2294 1021 2328 ut
1047 2303 1155 2338 supra
1181 2304 1215 2338 p.
1233 2293 1282 2328 30
1308 2292 1459 2333 dictum,
1485 2291 1749 2327 restauraverit

137 2350 244 2398 eique
271 2362 403 2387 nomen
428 2350 612 2388 Phoebiae
639 2351 802 2395 dederit,
842 2353 939 2388 certe
966 2352 1039 2388 tibi
1064 2363 1178 2399 paene
1217 2363 1429 2399 persuasum
1454 2350 1602 2394 habeas,
1641 2351 1748 2387 illum

136 2423 174 2447 se
200 2412 301 2458 prius
339 2411 386 2447 ad
425 2412 609 2457 Rhegium
647 2413 883 2455 convertisse,
922 2424 1030 2459 quam
1070 2412 1117 2448 ad
1143 2413 1284 2455 Locros,
1324 2413 1496 2459 quoniam
1534 2412 1623 2448 haec
1648 2411 1747 2455 urbs,

136 2484 209 2508 non
235 2474 314 2508 tarn
340 2472 574 2509 obedientiae
600 2473 730 2515 officio,
760 2484 868 2520 quam
895 2472 1083 2509 affinitate
1109 2476 1257 2520 propter
1274 2473 1447 2509 Doridem
1473 2474 1639 2515 matrem,
1666 2483 1747 2508 cum

136 2545 177 2569 eo
203 2534 398 2570 coniuncta
424 2535 514 2570 erat.
568 2534 700 2581 Itaque
726 2534 819 2570 illud
846 2546 867 2570 a
894 2534 1043 2570 Justino
1083 2534 1158 2570 solo
1197 2534 1303 2570 nobis
1342 2533 1541 2577 traditum,
1581 2533 1747 2581 quamvis

136 2594 373 2641 negligenter
398 2596 509 2641 atque
535 2594 683 2631 confuse
710 2596 749 2631 in
775 2596 987 2631 universum
1013 2594 1077 2630 ille
1103 2594 1260 2637 referat,
1295 2606 1367 2631 non
1393 2595 1498 2641 parvi
1532 2605 1609 2631 esse
1635 2595 1747 2630 aesti-

135 2655 310 2691 mandum
347 2658 449 2702 puto,
488 2655 534 2691 ad
573 2657 843 2692 sententiarum
881 2667 1083 2692 connexum
1122 2654 1269 2691 facilius
1307 2655 1557 2692 statuendum.
1620 2655 1746 2691 Etiam

135 2715 298 2752 Plassius
324 2715 374 2751 ΙΙ.
402 2727 435 2762 p.
465 2716 536 2752 255
562 2715 608 2752 ad
634 2716 728 2752 hanc
754 2717 963 2763 opinionem
989 2716 1161 2751 inclinari
1188 2716 1345 2753 videtur.

239 2777 268 2823 ⁵)
295 2776 350 2812 De
375 2776 561 2812 Arethusa
588 2776 689 2813 fonte
716 2776 853 2813 diserte
880 2777 1029 2824 scripsit
1055 2775 1190 2813 Cluver
1214 2777 1283 2813 Sic.
1312 2778 1388 2813 ant.
1408 2776 1437 2813 Ι.
1464 2788 1498 2823 p.
1520 2777 1600 2813 166.
1627 2773 1746 2810 Hodie

136 2838 305 2874 vocatur:
331 2837 468 2880 Sancta
493 2836 612 2874 Maria
638 2835 660 2873 a
685 2839 805 2885 portu.
