1916 3085
922 97 983 148 44

271 222 488 282 Syracusis
519 235 617 269 vero
647 222 808 269 interea
838 223 963 269 rebus
999 222 1177 268 mutatis
1219 221 1371 278 etiam,
1414 224 1462 269 ut
1502 221 1596 269 fieri
1635 220 1758 277 solet,

154 298 344 341 mutatus
377 298 469 341 erat
499 298 643 354 populi
673 297 847 342 mobilis
873 312 923 342 ac
953 297 1168 342 flectibilis
1199 297 1380 346 animus.
1444 297 1648 356 Dionysii·
1674 295 1757 340 mi-

146 370 246 413 lites
277 369 403 422 enim,
437 383 568 425 quum
599 370 674 414 illo
707 370 773 414 die
805 370 952 414 urbem
984 370 1104 415 clade
1136 384 1186 415 ac
1216 371 1389 423 terrore,
1422 371 1567 427 paucis
1588 382 1756 415 suorum

147 442 332 494 amissis,
365 443 623 497 affecissent,
657 443 702 487 in
733 457 871 487 arcem
905 457 949 487 se
980 444 1034 487 ad
1067 457 1285 500 vesperum
1315 444 1573 499 receperunt.
1637 442 1756 498 Quod
1799 444 1801 446 ’

147 530 276 573 quum
294 516 485 561 viderent
504 517 653 562 Dionis
674 516 838 562 inimici
869 516 1157 574 imprimisque
1178 516 1424 562 Heraclides
1446 516 1489 560 et
1510 516 1754 569 Theodotes,

147 589 301 634 animis
322 590 549 647 resumptis
580 604 629 635 ac
661 604 734 647 spe
755 604 829 647 per
854 604 898 635 se
920 590 1031 647 ipsos
1058 591 1271 635 libertatis
1292 590 1488 647 urbisque
1509 601 1756 634 conservan-

148 664 225 707 dae
257 664 399 719 capta,
433 663 597 719 populo,
646 677 699 707 ne
730 663 841 707 Dion
873 663 1150 720 exciperetur,
1199 664 1496 719 persuaserunt
1527 663 1675 719 ablue,
1708 662 1756 704 ut

146 736 302 792 legatis
335 736 469 779 denuo
500 735 641 780 missis
673 736 747 780 ille
779 737 822 779 in
854 736 1007 781 itinere
1037 737 1302 798 retineretur,
1336 735 1616 792 effecerunt9).

271 808 411 862 Quum
443 821 541 852 vero
572 809 635 852 ita
667 809 919 865 Syracusani
952 809 1138 853 dissidiis
1170 809 1384 853 intestinis
1416 809 1555 853 essent
1576 807 1754 860 discissi,

145 880 333 938 Nypsius
347 913 357 932 ,
398 893 492 923 cum
525 880 684 924 maiore
717 894 842 936 quam
873 882 998 925 antea
1029 881 1191 936 impetu
1222 882 1311 926 toto
1340 881 1451 924 muri
1481 880 1660 925 circuitu
1692 878 1756 923 di-

147 953 291 1009 rupto,
333 965 407 1008 per
439 965 581 997 omnes
614 952 730 997 urbis
765 953 853 997 vias
885 954 1028 997 contra
1061 953 1173 997 cives
1205 953 1393 1009 turpiter.
1420 954 1611 1009 deceptos
1643 951 1756 997 mili-

145 1026 210 1070 tes
242 1025 398 1078 emisit,
432 1025 504 1082 qui
535 1039 700 1070 summa
732 1026 983 1071 crudelitate
1014 1026 1154 1070 omnia
1188 1026 1394 1082 diripiunt
1414 1027 1540 1083 atque
1561 1025 1754 1070 caedunt.

146 1099 237 1142 Nec
269 1098 401 1142 aetati
433 1111 509 1142 nec
542 1098 688 1155 generi
719 1111 796 1143 nec
827 1098 965 1143 ordini
1006 1113 1082 1144 nec
1120 1099 1324 1156 dignitati
1361 1098 1561 1155 parcitur.
1626 1098 1757 1142 Senex

146 1172 344 1228 aegrotus
375 1172 597 1227 aetateque
630 1172 858 1224 confectus,
890 1173 1009 1215 tener
1041 1172 1195 1225 infans,
1227 1172 1385 1216 femina
1417 1172 1603 1225 inermis,
1636 1170 1757 1227 virgo

146 1244 364 1299 trepidans
395 1257 526 1299 aeque
557 1257 606 1287 ac
645 1243 712 1287 vir
749 1244 937 1287 armatus
978 1245 1021 1287 et
1055 1245 1222 1302 Juvenis
1261 1244 1350 1288 vita
1387 1245 1568 1300 pollens,
1614 1256 1757 1287 omnes

147 1317 258 1361 caesi
290 1318 403 1361 sunt.
469 1316 580 1371 Quid
613 1318 735 1373 quod,
768 1317 817 1360 ut
848 1317 1026 1360 celerius
1058 1317 1112 1360 ad
1144 1316 1270 1360 finem
1300 1317 1599 1372 pervenerunt,
1633 1316 1758 1373 Syra—

148 1402 268 1434 cusas
301 1389 387 1433 solo
419 1402 598 1446 aequare
629 1389 980 1447 tyrannidemque
1010 1389 1201 1433 mentem
1235 1389 1311 1433 sub
1342 1388 1458 1433 urbis
1489 1388 1610 1434 ruina
1642 1402 1758 1446 sepe-

147 1463 225 1506 lire
246 1463 456 1507 volebant.
520 1462 682 1518 Itaque,
715 1462 958 1518 priusquam
981 1462 1091 1506 Dion
1112 1461 1389 1517 apparuisset,
1422 1462 1568 1505 urbem
1594 1461 1757 1505 facibus

147 1535 297 1579 multis
329 1534 432 1579 locis
464 1534 760 1588 incenderunt,
800 1534 861 1578 ita
901 1535 949 1578 ut
989 1534 1101 1579 cives
1141 1534 1367 1578 miserrimi
1404 1534 1633 1587 nescirent,
1676 1546 1755 1591 quo

147 1608 417 1664 potissimum
452 1608 689 1661 evaderent,
723 1609 772 1651 ut
802 1608 847 1651 in
879 1607 1082 1651 aedificiis
1104 1608 1261 1664 ignem,
1294 1607 1339 1651 in
1370 1607 1451 1651 viis
1483 1608 1755 1652 barbarorum

150 1680 345 1738 gladium
384 1680 630 1737 effugerent.
704 1680 869 1736 Ubique
899 1693 1062 1724 summa
1103 1680 1383 1735 perturbatio,
1428 1693 1591 1724 summa
1624 1680 1754 1724 detri-

146 1753 302 1807 menta,
336 1753 489 1809 ubique
511 1753 658 1805 terror,
683 1752 843 1805 caedes,
872 1752 1126 1804 incendium,
1149 1765 1279 1805 mors;
1311 1766 1515 1809 nusquam
1537 1752 1754 1805 auxilium,

146 1827 281 1878 salus;
322 1826 415 1870 viae
448 1826 564 1869 urbis
597 1826 871 1869 cadaveribus
903 1825 1090 1881 opertae,
1129 1825 1242 1882 ignis
1273 1825 1412 1882 magis
1443 1825 1662 1882 magisque
1692 1826 1756 1869 to-

144 1900 234 1943 tam
267 1913 341 1955 pcr
372 1900 520 1942 urbem
554 1898 720 1942 diffusa.
786 1898 901 1953 Quae
923 1912 1019 1942 vero
1042 1898 1319 1950 calamitates,
1353 1912 1478 1954 quam
1500 1898 1584 1942 dici
1605 1899 1755 1955 potest,

149 1971 477 2016 miserabiliores
509 1972 728 2016 universae
750 1972 846 2015 urbi
866 1971 1095 2026 Dionisque
1126 1970 1312 2015 inimicis
1343 1972 1637 2027 persuaserunt
1668 1971 1757 2015 sine

147 2046 265 2090 illius
297 2045 454 2089 auxilio
485 2045 631 2089 urbem
671 2045 863 2098 interire,
910 2058 1035 2101 quam
1067 2045 1118 2089 ob
1152 2057 1321 2088 causam
1354 2045 1407 2088 ab
1439 2044 1665 2088 Heraclide
1695 2044 1756 2088 le-

147 2119 240 2176 gati
279 2118 369 2162 eius
409 2119 543 2162 frater
582 2119 706 2173 atque
747 2119 922 2174 patruus
961 2117 1193 2161 Theodotes
1231 2116 1351 2160 missi
1389 2118 1507 2169 sunt,
1552 2117 1625 2172 qui
1662 2129 1756 2159 eum

144 2192 422 2243 obsecrarent,
458 2191 507 2233 ut
538 2190 791 2247 injuriarum
823 2190 1043 2234 immemor
1075 2189 1170 2232 urbi
1202 2202 1331 2245 paene
1364 2189 1523 2233 excisae
1554 2189 1756 2232 auxilium

145 2264 286 2308 ferret.
353 2263 442 2318 Quo
475 2262 623 2306 audito
655 2262 787 2314 Dion,
828 2263 900 2318 qui
939 2262 1157 2319 sexaginta
1188 2263 1357 2306 tantum
1389 2262 1527 2306 stadia
1563 2263 1616 2306 ab
1655 2262 1758 2306 urbe

144 2337 311 2388 aberat,
346 2336 477 2379 citato
509 2349 634 2379 cursu
667 2334 894 2391 Syracusas
925 2335 1077 2378 tendit.
1142 2334 1282 2390 Atque
1320 2348 1447 2390 quum
1483 2348 1558 2391 per
1593 2335 1758 2390 portam

145 2408 479 2466 Hexapylum10)
513 2408 556 2451 in
590 2407 706 2451 urbis
738 2406 954 2464 regionem
984 2407 1402 2465 Hecatompedonss),
1436 2420 1541 2463 quae
1572 2407 1756 2460 vocatur,

145 2483 362 2535 intrasset,
396 2482 486 2526 acie
518 2481 580 2526 ibi
611 2481 820 2525 instructa
850 2481 1049 2539 progredi
1081 2481 1228 2537 coepit.
1294 2480 1435 2537 Atque
1473 2480 1534 2524 ia
1566 2479 1759 2537 Dionysii

245 2616 274 2659 ⁹)
302 2615 357 2653 Cf.
385 2615 485 2651 Plut.
513 2614 611 2650 Dion
639 2625 667 2650 c.
694 2614 753 2650 44.

246 2676 292 2722 ¹⁰)
317 2675 549 2723 Hexapylum
576 2675 870 2722 septentrionem
897 2686 1022 2712 versus
1048 2676 1162 2712 situm
1188 2676 1255 2711 est.

245 2738 290 2783 ¹¹)
317 2737 376 2773 Sic
403 2737 501 2772 enim
541 2735 836 2781 coniungendum
876 2747 952 2772 esse
987 2747 1126 2779 censeo,
1167 2734 1264 2782 quod
1301 2733 1407 2770 nobis
1432 2732 1538 2770 Diod.
1565 2733 1666 2775 XVI,
1693 2733 1758 2769 20:

145 2796 205 2832 καὶ
231 2797 405 2836 διανύσας
430 2795 541 2837 ὀξέως
566 2797 635 2842 τὴν
661 2797 713 2835 εἰς
739 2797 969 2843 Συρακούσας
995 2796 1094 2840 ὁδὸν,
1120 2789 1187 2842 ἧκε
1211 2796 1302 2842 πρὸς
1327 2795 1371 2830 τὰ
1391 2794 1568 2835 Ἑξάπυλα
1592 2795 1632 2829 et
1656 2792 1756 2829 Plut.

144 2858 244 2896 Dion
257 2869 285 2895 e.
296 2858 367 2895 45:
396 2857 557 2905 εἰσέβαλε
574 2857 635 2892 διὰ
654 2858 730 2893 τῶν
745 2857 871 2893 πυλῶν
888 2858 940 2898 εἰς
957 2857 1026 2904 τὴν
1037 2856 1306 2905 Ἑκατόμπεδον
1318 2856 1527 2904 λεγομένην
1538 2853 1756 2892 retulerunt.
