1916 3085
935 73 996 122 43

166 200 458 261 que-omnium
490 211 633 244 rerum
663 197 968 244 abundantiam
1005 198 1236 256 supportat.
1299 197 1439 255 Atque
1481 196 1542 242 ita
1581 201 1657 242 arx
1698 208 1766 241 ex-

165 273 469 321 trema-victus
499 272 673 329 penuria
703 285 858 329 pressa,
881 284 939 316 ex
967 271 1190 328 improviso
1221 271 1420 316 miiitum·
1441 270 1581 328 inopia
1612 271 1765 323 levata,

167 345 444 403 expositisque
473 344 625 401 Nypsii
655 344 866 388 militibus
880 377 890 396 ,
932 357 1014 388 non
1052 345 1187 388 solum
1225 345 1467 388 conservata
1499 344 1572 388 sed
1604 343 1766 387 firmius

167 431 293 475 quam
323 418 447 462 antea
484 417 649 461 munita
691 417 768 460 est.
832 416 959 460 Cuius
995 417 1179 461 adventu
1218 417 1468 474 Syracusani
1505 417 1629 460 valde
1666 416 1768 460 irati

166 490 375 547 impletis,
398 490 598 546 quotquot
627 488 818 542 aderant,
851 489 1095 533 triremibus
1126 488 1169 531 in
1201 489 1354 541 hostes,
1387 488 1455 544 qui
1489 489 1533 531 in
1562 489 1767 545 deponen-

167 563 233 607 dis
263 563 485 607 versantur
514 561 837 615 commeatibus,
882 561 1125 618 necopinato
1162 561 1347 613 irruunt,
1395 574 1473 616 quo
1504 562 1660 617 proelio
1690 561 1768 618 Sy-

167 634 364 681 racusani
402 634 631 692 superiores
674 635 848 691 quatuor
884 634 1061 679 navibus
1099 634 1253 691 captis,
1299 634 1512 679 nonnullis
1554 634 1767 687 demersis,

167 709 328 754 ceteras
359 708 404 751 in
435 708 581 765 fugam
615 708 730 752 actas
761 708 816 751 ad
846 708 949 752 litus
986 720 1115 763 usque
1147 707 1505 764 persequuntur6).
1579 707 1669 762 Qua
1706 707 1769 751 vi-

166 780 299 827 ctoria
330 780 577 825 insolentius
609 780 711 824 elati
742 781 993 838 Syracusani
1024 794 1161 825 arcem
1192 781 1327 837 ipsam
1361 793 1405 824 se
1447 780 1641 824 daturam
1682 792 1769 824 esse

163 855 254 913 Jam
276 855 388 907 rati,
421 854 551 898 sacris
582 854 753 898 deorum
783 854 946 897 numini
977 854 1194 910 splendide
1225 853 1427 911 peractis,
1470 853 1672 897 conviviis
1704 853 1769 897 in-

166 927 469 983 temperantius
500 927 788 984 indulgentes,
823 928 1072 972 stationibus
1103 927 1360 984 vigiliisque,
1393 927 1469 971 aut
1499 940 1666 982 prorsus
1697 927 1769 971 de-

168 999 305 1053 sertis,
337 1001 411 1043 aut
441 1000 707 1058 negligenter
736 999 1060 1054 administratis,
1093 1000 1136 1044 et
1167 999 1327 1044 animos
1359 1000 1402 1044 et
1429 999 1590 1043 mentes
1611 999 1666 1043 ad
1696 1012 1769 1057 po-

165 1074 258 1117 tum
290 1074 537 1118 convertunt
567 1074 892 1130 voluptatesque.
959 1074 1048 1128 Quo
1078 1074 1246 1130 cognito
1276 1074 1318 1117 N
1319 1073 1482 1130 ypsius,
1521 1074 1645 1118 noctu
1676 1087 1769 1117 mu-

166 1158 259 1189 rum
298 1145 422 1189 illum
458 1159 484 1189 a
524 1146 659 1190 Dione
698 1146 1064 1190 circumvallatum
1104 1146 1275 1190 adortus
1315 1147 1390 1190 est.
1465 1146 1599 1200 Quem
1639 1159 1768 1203 quum

167 1219 364 1264 diruisset
395 1220 665 1275 custodesque
697 1220 793 1263 vino
824 1233 1045 1275 somnoque
1081 1220 1249 1263 obrutos
1285 1219 1556 1272 trucidasset,
1595 1220 1767 1271 milites,

167 1291 238 1347 qui
269 1292 323 1335 ad
356 1291 498 1335 decem
529 1290 650 1335 milia
689 1292 832 1344 erant,
874 1291 918 1334 in
960 1292 1106 1335 urbem
1143 1291 1335 1335 immisit.
1399 1291 1459 1335 Hi
1492 1304 1589 1336 vero
1620 1291 1683 1335 ira
1716 1291 1768 1336 de

167 1364 285 1408 clade
317 1364 466 1408 affecta
498 1364 541 1407 et
571 1364 802 1420 praedandi
833 1365 1063 1420 cupiditate
1094 1365 1336 1422 flagrantes,
1368 1365 1552 1421 primum
1583 1365 1627 1408 in
1655 1366 1768 1408 Nea-

166 1436 311 1493 polim,
344 1436 495 1481 deinde
526 1437 571 1480 in
603 1437 790 1494 Tycham
819 1436 1000 1490 irruunt,
1032 1451 1174 1482 omnes
1206 1437 1265 1481 eis
1296 1437 1464 1482 obviam
1485 1438 1618 1482 factos
1638 1438 1769 1482 truci-

170 1510 330 1563 dantes,
364 1510 464 1565 quin
495 1509 624 1554 etiam
657 1511 701 1553 in
733 1510 874 1554 domos
906 1511 1018 1567 ipsas
1048 1513 1327 1567 penetrantes,
1360 1525 1441 1555 non
1463 1511 1597 1555 solum
1619 1513 1769 1555 cuncta

170 1582 374 1639 diripiunt
405 1596 453 1627 ac.
475 1583 732 1639 praedantur
753 1583 873 1637 bona,
907 1596 1052 1628 verum
1080 1584 1209 1628 etiam
1240 1584 1419 1628 feminas
1448 1597 1674 1640 puerosque
1701 1597 1771 1629 ca-

168 1655 307 1712 ptivos
339 1669 481 1700 secum
505 1656 675 1700 ducunt.
738 1656 928 1712 Denique
958 1657 1013 1700 ad
1035 1657 1320 1701 Achradinam
1345 1657 1461 1701 urbis
1483 1658 1770 1713 frequentissi-

168 1741 283 1773 mam
312 1728 491 1785 partem,
532 1729 605 1772 ubi
636 1729 779 1773 eodem
822 1729 942 1774 modo
984 1730 1131 1774 caedes
1173 1744 1222 1774 ac
1265 1729 1481 1787 praedatio
1522 1731 1656 1774 totam
1697 1743 1771 1787 per

168 1802 332 1845 noctem
363 1802 603 1857 totumque,
645 1802 718 1857 qui
756 1803 1083 1858 subsequebatur
1124 1804 1233 1846 diem
1249 1837 1259 1856 ,
1300 1804 1355 1847 ad
1394 1816 1611 1859 vesperum
1642 1816 1770 1859 usque

169 1873 478 1931 perdurabaffl).
698 1918 700 1920 ,
1810 1865 1815 1869 ’

289 1945 408 2000 Quod
439 1959 567 2001 quum
597 1946 981 1991 animadverterent
1012 1948 1286 2004 Syracusani,
1320 1949 1421 1993 haec
1452 1949 1591 1993 omnia
1622 1949 1672 1993 ob
1704 1949 1770 1992 in-

168 2017 472 2075 gratitudinem
505 2032 605 2076 erga
627 2019 805 2063 Dionem
837 2020 918 2064 sibi
948 2020 1146 2076 patienda
1178 2034 1266 2065 csse
1298 2022 1397 2075 rati,
1431 2023 1473 2066 et
1495 2021 1671 2066 Dionem
1702 2034 1768 2065 re—

167 2091 401 2135 vocandum
433 2092 476 2135 et
506 2106 528 2136 e
560 2092 777 2137 Leontinis
808 2093 896 2137 eius
927 2093 1086 2138 milites
1118 2107 1206 2138 esse
1245 2095 1511 2139 arcessendos
1549 2108 1632 2138 una
1671 2108 1767 2139 voce

168 2164 543 2209 conclamaverunt.
618 2166 764 2222 Itaque
802 2166 1049 2211 necessitate
1090 2167 1222 2223 pressi
1264 2167 1460 2225 legantur
1497 2167 1551 2211 ad
1591 2167 1769 2212 Dionem

169 2237 389 2280 confestim
421 2251 469 2282 ex
500 2238 624 2282 sociis
656 2240 916 2283 Archonides
947 2241 990 2282 et
1021 2240 1266 2291 Teleclides,
1300 2254 1348 2283 ex
1381 2239 1562 2294 equestri
1583 2253 1681 2283 vero
1702 2253 1769 2283 or-

169 2308 265 2353 dine
297 2309 477 2365 quinque
509 2324 604 2354 cum
636 2311 868 2355 Hellanico.
934 2311 1027 2366 Qui,
1062 2325 1189 2367 quum
1221 2311 1519 2368 Syracusarum
1551 2311 1770 2356 calamita·

167 2381 231 2425 tes
262 2395 311 2425 ac
344 2382 470 2434 mala,
503 2384 697 2427 concione
729 2384 943 2427 Leontinis
974 2384 1190 2435 advocata,
1223 2383 1409 2426 lacrimis
1442 2383 1582 2427 effusis
1615 2383 1769 2427 descri-

167 2452 361 2509 psissent,
394 2453 573 2499 Dionem
603 2456 723 2500 tanto
753 2456 914 2512 patriae
945 2469 1083 2499 amore
1115 2455 1444 2507 inflammarunt,
1477 2456 1526 2499 ut
1557 2455 1646 2501 sine
1679 2456 1770 2501 ulla

167 2539 283 2570 mora
314 2540 409 2571 cum
441 2528 709 2572 mercenariis
741 2528 827 2572 suis
859 2529 941 2571 iter
972 2528 1221 2571 nocturnum
1252 2528 1475 2586 pararetss).

265 2706 295 2753 θ)
321 2706 376 2744 cf.
403 2708 509 2744 Diod.
536 2708 636 2753 XVI,
664 2710 719 2747 18.
747 2709 846 2745 Plut.
873 2708 979 2746 Diod.
1008 2720 1037 2745 c.
1066 2710 1122 2746 14.

265 2768 295 2813 ⁷)
322 2767 376 2805 Cf.
403 2768 510 2805 Diod.
539 2770 639 2813 XVI,
669 2771 724 2814 18,
752 2771 808 2807 19.
835 2770 935 2806 Plut.
962 2770 1001 2807 ll.

266 2828 296 2875 ⁸)
321 2828 377 2867 Cf.
403 2829 510 2867 Diod.
538 2831 638 2875 XVI,
665 2832 722 2869 20.
750 2831 852 2868 Plut.
878 2831 975 2868 Dion
1002 2843 1031 2869 c.
1058 2832 1118 2876 42,
1144 2832 1202 2870 43.
