1916 3085
919 65 980 119 25

148 213 244 248 cum
273 196 462 256 Archyta
503 208 553 242 ac
583 194 825 242 Tarentinis
855 193 1089 241 arctissime
1119 194 1332 241 amicitiae
1369 192 1538 240 vinculo
1575 190 1750 252 conjun-

147 272 331 330 xiuet⁶)'
356 269 521 315 remisit
551 282 647 315 eum
678 267 905 327 Dionysius
934 269 1046 314 bello
1082 269 1260 326 quodam
1292 268 1473 326 exorto⁰)
1511 266 1578 312 01.
1616 265 1748 319 103,3

148 345 306 400 =36⁸s5
343 357 392 389 ea
424 342 680 396 conditione,
722 342 771 386 ut
807 341 1031 400 Dionysius
1062 342 1240 386 Dionem
1270 342 1459 399 proxima
1490 341 1651 385 aestate
1682 352 1748 383 re-

147 417 333 471 vocaret,
373 416 498 462 Plato
535 428 633 461 vero
674 414 762 472 ipse
802 415 955 459 iterum
993 415 1218 473 Syracusas
1255 413 1469 474 rediret'1).
1542 413 1747 458 Attamen

146 490 396 547 promissum
428 488 654 546 Dionysius
685 501 768 532 non
798 488 1000 541 servavit,
1041 501 1291 544 quamquam
1322 487 1451 532 Dioni
1479 486 1746 543 praediorum

146 575 316 607 censum
347 562 507 607 statuto
537 574 701 618 semper
730 562 914 617 tempore
945 560 1082 614 misit,
1124 561 1197 605 sed
1228 574 1254 605 a
1285 560 1461 605 Platone
1491 559 1665 616 petivit,
1697 559 1746 603 ut

145 635 311 692 tempus
342 635 529 679 differret
559 633 807 679 confirmans
839 646 883 677 se
914 646 1015 690 pace
1047 633 1275 690 composita
1306 633 1419 677 certe
1446 632 1625 677 Dionem
1657 645 1745 677 esse

145 708 457 760 revocaturum3
490 706 553 752 Cf.
585 707 700 752 Plut.
732 706 843 751 Dion
874 721 909 752 c.
946 707 1015 751 16.

243 828 274 876 ⁵)
306 828 526 876 Dionysium
551 830 651 865 arcte
675 828 864 865 amicitiae
895 827 1039 864 vinculo
1077 839 1158 864 cum
1190 827 1402 867 Tarentinis
1439 827 1552 864 fuisse
1595 826 1744 863 coniun-

148 893 248 928 ctum
274 889 359 928 inde
396 890 656 938 proficiscitur,
695 889 790 938 quod
816 890 1024 938 Euphorion
1062 890 1102 927 in
1140 900 1267 927 comm.
1294 889 1380 927 hist.
1421 888 1517 937 apud
1547 887 1634 926 Ath.
1663 888 1740 925 XV.

145 962 173 988 c.
201 952 249 989 60
273 951 448 996 tradidit,
482 963 592 999 quum
630 951 731 989 dicat
757 951 969 988 Tarentinis
994 962 1016 988 a
1041 951 1219 998 Dionysio
1244 951 1383 987 minore
1421 949 1678 987 candelabrum
1704 950 1743 986 in

143 1014 362 1061 prytaneum
387 1024 463 1051 esse
489 1012 715 1057 dedicatum,
755 1013 795 1049 in
821 1023 891 1061 quo
918 1014 977 1050 tot
1001 1012 1180 1049 lucernae
1195 1010 1321 1049 ardere
1346 1013 1512 1060 possent,
1551 1013 1641 1059 quot
1665 1010 1743 1047 dies

144 1074 218 1111 toti
243 1085 338 1111 anno
363 1076 460 1111 sunt.

241 1134 272 1182 ⁶)
309 1133 364 1172 cf.
402 1134 501 1171 Plut.
535 1134 634 1175 Dion
659 1145 687 1170 c.
716 1136 773 1178 16,
802 1134 857 1171 18.
900 1133 1011 1170 Plato
1037 1144 1090 1181 ep.
1118 1133 1204 1171 VII.
1230 1145 1264 1181 p.
1290 1134 1362 1171 338
1376 1133 1420 1170 D.
1471 1133 1541 1170 Hic
1578 1134 1744 1170 auctores

143 1195 252 1242 plane
290 1207 355 1232 nos
385 1195 568 1232 deserunt.
603 1195 703 1232 Plut.
730 1195 827 1232 Dion
851 1206 881 1231 c.
909 1196 955 1232 16
980 1194 1074 1231 dicit
1107 1197 1277 1231 tantum:
1312 1194 1354 1230 ἐν
1378 1195 1492 1243 τούτῳ
1517 1194 1558 1230 δὲ
1582 1194 1744 1242 πολέμου

144 1256 240 1295 τινὸς
270 1255 489 1303 ἐμπεσόντος
521 1253 732 1303 ἀποπέμπει
757 1256 822 1290 τὸν
853 1255 1030 1290 Πλάτωνα
1066 1255 1144 1291 sine
1182 1255 1282 1290 omni
1318 1254 1532 1290 laudatione
1570 1265 1635 1290 nec
1660 1254 1743 1296 loci,

144 1327 216 1365 quo
242 1315 390 1360 bellum,
429 1326 495 1352 nec
518 1314 645 1363 populi
687 1326 839 1363 quocum
864 1317 1010 1362 gestum
1035 1317 1103 1353 est.
1154 1314 1231 1352 Hoc
1261 1315 1399 1352 bellum
1430 1314 1529 1352 idem
1560 1326 1637 1352 esse
1662 1325 1743 1351 cum

143 1376 277 1414 Poenis
301 1379 448 1424 gestum
472 1379 573 1424 puto,
600 1376 696 1424 quod
721 1377 796 1414 iam
822 1387 931 1423 supra
955 1387 989 1423 p.
1017 1377 1063 1413 21
1091 1375 1179 1413 duos
1205 1376 1354 1424 quidem
1379 1388 1494 1413 annos
1531 1376 1744 1424 perdurasse

146 1437 357 1475 confirmavi
395 1440 433 1475 et
471 1437 570 1474 hisce
609 1436 735 1474 causis.
786 1436 884 1474 Diod
908 1437 1009 1481 XVI,
1035 1438 1058 1474 6
1096 1436 1243 1485 quidem
1281 1438 1515 1485 Dionysium,
1555 1449 1667 1486 quum
1696 1436 1745 1474 ad

146 1496 285 1536 bellum
322 1498 523 1546 gerendum
559 1509 704 1546 prorsus
742 1498 890 1545 ineptus
926 1497 1059 1536 fuisset
1095 1510 1176 1535 cum
1213 1495 1582 1546 Carthaginiensibus
1619 1510 1744 1547 pacem

144 1559 272 1598 fecisse
298 1559 400 1598 dicit.
465 1559 584 1605 Quum
609 1561 735 1597 autem
760 1559 824 1596 ille
850 1562 894 1596 ut
918 1559 994 1596 iam
1018 1550 1127 1608 supra
1152 1560 1292 1598 dictum
1317 1560 1365 1597 ab
1390 1560 1446 1598 01.
1476 1561 1556 1604 103,
1585 1562 1605 1597 1
1630 1571 1745 1608 usque

144 1620 194 1658 ad
217 1620 273 1658 01.
303 1622 384 1665 105,
411 1623 436 1658 2
460 1621 505 1658 de
531 1621 767 1667 chronologia
791 1632 911 1657 rerum
938 1620 1085 1657 Siciliae
1118 1622 1266 1658 omnino
1290 1622 1388 1658 nihil
1413 1622 1544 1658 afferat
1569 1621 1745 1669 nobisque

144 1683 303 1726 tantum,
330 1693 422 1730 quae
447 1682 506 1719 his
533 1680 758 1729 temporibus
783 1681 823 1717 in
839 1681 1010 1729 Dionysii
1035 1682 1186 1719 minoris
1211 1692 1323 1728 regno
1350 1682 1560 1725 acciderint,
1586 1683 1743 1725 enarret,

143 1752 216 1779 non
241 1741 438 1786 diiudicat,
478 1754 548 1791 quo
581 1753 676 1779 anno
701 1741 789 1778 haec
814 1753 884 1789 pax
908 1753 990 1778 cum
1014 1742 1147 1779 Poenis
1173 1742 1274 1780 facta
1299 1743 1360 1781 sit.
1413 1743 1514 1780 Plut.
1541 1743 1638 1780 Dion
1664 1755 1692 1780 c.
1720 1743 1743 1780 6

143 1805 268 1840 autem
291 1814 367 1840 rem
393 1814 541 1851 prorsus
566 1804 605 1840 in
631 1802 783 1840 dubium
809 1804 955 1840 vocavit
982 1803 1167 1840 bellumne
1197 1805 1437 1851 compositum
1463 1816 1510 1841 an
1527 1803 1743 1852 perductum

143 1865 204 1901 sit.
244 1864 363 1909 Quum
387 1875 494 1912 porro
520 1864 559 1900 in
577 1864 735 1912 epistola
752 1863 882 1900 Dionis
901 1863 948 1900 ad
961 1863 1284 1911 Carthaginienses
1301 1866 1424 1908 missa,
1450 1865 1494 1902 cf.
1511 1877 1620 1912 supra
1633 1877 1666 1912 p.
1684 1865 1743 1908 28,

143 1927 454 1967 commemoretur,
480 1927 535 1968 ut,
561 1936 599 1961 se
617 1925 734 1961 solum
751 1927 910 1967 auctore,
936 1936 1061 1972 pacem
1085 1936 1166 1961 cum
1182 1925 1359 1972 Dionysio
1377 1924 1543 1968 ferirent,
1570 1926 1638 1962 hac
1663 1926 1742 1973 ipsa
1795 1934 1797 1936 ·

143 1985 298 2032 epistola
316 1985 393 2022 sive
418 1985 470 2021 sit
487 1985 648 2032 genuina
673 1985 751 2022 sive
776 1986 891 2021 etiam
916 1985 1049 2032 spuria,
1076 1984 1115 2021 id
1140 1985 1286 2032 quidem
1303 1987 1448 2021 constat
1472 1985 1651 2032 Dionysio
1676 1985 1743 2021 hoc

143 2047 305 2093 tempore
322 2066 366 2072 —
386 2047 452 2083 aut
476 2048 639 2082 extrema
670 2048 775 2093 parte
801 2046 890 2082 anni
915 2047 986 2083 367
1012 2048 1079 2083 aut
1103 2046 1213 2083 initio
1238 2046 1326 2082 anni
1351 2046 1422 2083 366
1437 2066 1482 2071 --
1496 2045 1635 2083 bellum
1660 2057 1740 2082 cum

143 2106 275 2144 Poenis
299 2106 422 2144 fuisse.
474 2106 578 2152 Quod
601 2106 752 2150 bellum,
792 2108 881 2155 quin
907 2106 1006 2144 idem
1043 2107 1157 2143 fuerit
1194 2118 1235 2143 eo
1260 2107 1379 2142 minus
1405 2105 1569 2142 dubitari
1605 2108 1741 2153 potest,

144 2177 254 2214 quum
282 2168 385 2215 pauci
409 2169 558 2204 tantum
582 2178 723 2205 menses
748 2168 991 2206 intercedant.
1042 2168 1114 2205 Vix
1139 2170 1263 2204 autem
1287 2168 1416 2214 putare
1446 2167 1561 2213 possis
1586 2166 1742 2204 Cartha-

142 2227 330 2274 ginienses
355 2239 437 2264 cum
461 2228 660 2275 Dionysio,
699 2240 808 2276 quem
846 2230 1030 2266 infirmum
1068 2228 1273 2271 novissent,
1311 2228 1482 2274 cuiusque
1507 2228 1742 2275 praecipuum

142 2286 347 2324 adiutorem
374 2288 532 2325 Dionem
557 2299 633 2325 esse
660 2288 828 2326 viderent
853 2290 983 2326 statim
1007 2289 1126 2325 Dione
1151 2288 1297 2335 expulso
1328 2298 1453 2334 pacem
1484 2287 1631 2332 fecisse,
1668 2288 1741 2324 nisi

142 2348 461 2395 opportunissimis
486 2348 768 2387 conditionibus.
809 2350 942 2398 Itaque
966 2350 1060 2387 mihi
1085 2348 1230 2386 videtur
1254 2359 1387 2385 annum
1406 2349 1479 2386 366
1503 2350 1583 2386 sine
1607 2359 1742 2395 magno

140 2407 238 2444 bello
263 2408 522 2446 reconciliandi
548 2408 682 2446 studiis
708 2410 899 2448 evanuisse
924 2411 1163 2458 sequentique
1188 2420 1299 2452 anno,
1332 2420 1443 2456 quum
1468 2409 1594 2446 studia
1619 2409 1742 2447 forsan

142 2470 270 2516 coepta
296 2468 344 2505 ad
368 2469 511 2505 nullum
537 2469 646 2505 finem
670 2469 972 2516 perducerentur,
1010 2471 1146 2508 iterum
1182 2469 1319 2506 bellum
1344 2472 1510 2506 exortum
1535 2481 1629 2514 esse,
1668 2482 1741 2518 qua

141 2527 186 2565 de
211 2539 319 2566 causa
343 2529 454 2566 Plato
479 2529 739 2567 demitteretur
778 2542 821 2568 ea
846 2531 1057 2569 conditione
1087 2534 1131 2568 ut
1161 2531 1322 2579 proxima
1347 2533 1491 2567 aestate
1516 2542 1548 2568 a.
1576 2532 1649 2569 364
1675 2531 1742 2579 Sy·

140 2598 285 2625 racusas
311 2589 460 2627 rediret.
514 2590 591 2627 Pax
615 2593 751 2635 autem,
777 2603 889 2639 quum
914 2592 1020 2636 illud,
1046 2595 1090 2629 ut
1115 2604 1134 2629 e
1151 2592 1250 2629 Plut.
1269 2592 1367 2628 Dion
1385 2593 1407 2629 6
1433 2592 1555 2629 elucet
1577 2593 1740 2640 proxima

140 2650 284 2686 aestate
309 2648 457 2687 finitum
484 2663 557 2688 non
582 2653 690 2695 esset,
716 2652 788 2689 fine
805 2652 950 2690 demum
974 2653 1084 2690 huius
1109 2653 1197 2690 anni
1223 2650 1264 2689 ac
1289 2664 1370 2689 mea
1388 2652 1538 2700 quidem
1555 2654 1740 2691 sententia

140 2720 212 2746 non
238 2709 318 2745 sine
343 2711 540 2748 commodis
566 2711 931 2758 Carthaginiensium
957 2715 1156 2760 composita
1181 2724 1257 2749 esse
1284 2712 1442 2750 videtur.

239 2769 268 2819 ⁷)
293 2769 402 2808 Plato
427 2770 580 2811 rediisse
605 2772 752 2812 videtur
776 2773 816 2812 in
843 2773 1033 2814 Graeciam
1058 2776 1124 2813 aut
1149 2776 1309 2812 extrema
1334 2777 1440 2824 parte
1466 2775 1553 2814 anni
1577 2775 1649 2814 366
1674 2779 1739 2815 aut

138 2830 251 2869 initio
275 2832 366 2870 anni
389 2832 471 2870 365.
