1916 3085
954 55 980 101 7

120 208 124 213 -
164 178 264 238 gato
294 179 453 225 frustra
484 178 690 236 speraret,
723 178 776 225 ab
806 177 954 225 amicis
984 178 1071 224 suis
1100 177 1307 236 impulsus
1337 176 1521 235 patriam
1553 175 1701 220 urbem
1724 173 1768 219 vi

164 265 310 311 capere
342 253 579 307 constituit,
619 253 692 298 sed
723 255 770 297 in
800 253 951 297 conatu
982 267 1078 298 cum
1108 266 1272 298 summa
1311 253 1513 297 comitum
1544 250 1663 307 parte
1695 250 1767 293 ob-

163 327 382 370 truncatus
422 328 485 371 est
524 332 562 371 a.
595 328 684 371 408
694 327 765 384 2⁴).
837 327 955 382 Quod
985 341 1112 383 quum
1153 327 1412 371 audivissent
1449 325 1580 369 Poeni
1610 336 1767 380 magna

165 411 260 442 cum
292 398 425 443 classe
457 399 683 455 multisque
724 399 853 454 copiis
891 399 1130 444 Hannibale
1169 400 1212 443 et
1253 400 1453 443 Imilcone
1495 397 1670 441 ducibus
1712 396 1766 439 ad

165 470 337 514 Siciliae
368 484 484 514 oram
516 471 861 527 appellentes2⁵)‚
894 472 1040 515 statim
1072 472 1218 516 contra
1249 472 1556 528 Agrigentum,
1600 470 1766 525 praeter

164 537 389 599 Syracusas
403 577 412 595 ‚
445 544 791 598 amplicissimam
824 544 1156 599 ditissimamque
1189 544 1361 588 Siciliae
1392 542 1604 599 urbem2⁶)
1619 576 1628 594 ,
1671 555 1767 597 pro-

163 614 265 659 fecti
295 616 411 668 sunt,
456 615 529 659 sed
565 628 590 659 a
632 615 925 672 Syracusanis,
965 616 1193 672 Daphnaeo
1225 616 1348 669 duce,
1381 628 1548 671 prorsus
1580 613 1767 670 superati

165 688 253 732 sine
286 688 410 731 dubio
441 702 584 732 omnes
615 688 895 741 interiissent,
937 689 973 732 si
1011 689 1099 744 ipse
1131 689 1382 745 Daphnaeus
1413 688 1612 732 victoriae
1643 686 1767 730 insti-

163 761 286 805 tisset
316 774 392 804 nec
423 761 634 814 Imilconi,
667 761 908 805 Hannibale
938 761 1179 817 pestilentia
1212 762 1420 818 correpto,
1461 761 1509 804 ut
1540 761 1679 805 castra
1711 759 1766 803 ad

164 834 310 877 urbem
340 834 580 878 admoveret
612 834 881 891 contigisset;
919 834 1019 878 urbs
1050 848 1147 879 vero
1178 836 1290 890 ipsa,
1334 847 1586 890 quamquam
1618 833 1657 877 ei
1688 832 1767 876 ali-

165 906 414 961 quantulum
446 907 643 962 temporis
676 921 701 950 a
732 907 957 963 Daphnaeo
990 907 1095 951 satis
1133 908 1387 951 commeatus
1430 906 1765 962 supportabatur,

166 992 293 1035 quum
334 992 459 1024 naves
498 979 711 1027 frumento,
750 980 944 1024 oneratae
982 993 1007 1022 a
1047 979 1195 1024 Poenis
1237 978 1605 1035 interciperentur,
1653 978 1766 1022 fame

165 1052 306 1095 coacta
337 1052 460 1107 atque
492 1065 517 1095 a
547 1052 734 1108 Dexippo
765 1052 1087 1096 Lacedaemonio
1118 1052 1300 1108 ipsisque
1332 1051 1507 1095 ducibus
1545 1064 1645 1094 auro
1675 1063 1765 1094 cor-

164 1123 300 1179 ruptis
332 1123 521 1179 prodita,
554 1125 648 1180 post
678 1125 770 1169 octo
800 1125 1008 1169 mensium
1040 1124 1309 1176 obsidionem,
1342 1124 1394 1167 ab
1426 1123 1597 1176 incolis,
1638 1122 1711 1179 qui
1741 1135 1766 1166 a

165 1195 434 1252 Syracusanis
450 1196 608 1252 recepti
624 1198 722 1240 sunt
738 1197 964 1250 Leontinis,
988 1198 1151 1241 deserta
1168 1198 1290 1252 capta
1306 1197 1371 1240 est
1385 1197 1520 1240 hieme
1538 1210 1574 1239 a.
1593 1197 1683 1239 406
1693 1195 1764 1252 ²⁷).

163 1267 302 1323 Atque
335 1281 464 1324 quum
494 1269 587 1324 post
617 1269 782 1312 tantam
815 1269 975 1312 cladem
1009 1269 1237 1327 Syracusis,
1272 1282 1349 1325 quo
1370 1281 1526 1325 magna
1548 1267 1766 1312 hominum

163 1340 390 1384 multitudo
433 1342 616 1397 undique
657 1342 853 1385 confluxit
904 1355 1033 1386 novae
1078 1342 1301 1386 seditiones
1340 1341 1594 1397 dissidiaque
1608 1375 1618 1394 ,
1658 1340 1766 1397 quod

163 1412 336 1456 minime
357 1413 536 1466 mireris,
570 1414 827 1457 coorirentur
848 1427 896 1458 ea
917 1414 1103 1459 civitatis
1130 1414 1378 1467 conditione,
1411 1414 1636 1471 Dionysius
1657 1414 1766 1457 Her-

164 1486 361 1530 mocratis
391 1485 524 1540 filius,
558 1486 631 1531 sed
661 1501 743 1532 non
774 1487 890 1531 illius
921 1488 1126 1545 praeclari
1157 1487 1422 1544 imperatoris
1436 1521 1446 1541 ‚
1479 1487 1660 1544 quinque
1694 1486 1768 1531 de-

165 1572 282 1601 mum
314 1560 356 1602 et
389 1559 542 1615 viginti
575 1573 703 1603 annos
726 1561 863 1612 natus,
898 1561 962 1604 vir
991 1561 1125 1613 fortis,
1157 1561 1219 1604 rei
1240 1560 1440 1604 militaris
1461 1560 1621 1615 peritus
1652 1561 1769 1603 astu-

164 1631 315 1687 tusque
359 1630 587 1675 amicorum
634 1645 706 1688 ope
752 1632 804 1676 ad
848 1632 1130 1677 renovandam
1174 1633 1442 1691 tyrannidem
1487 1646 1587 1677 usus
1624 1632 1766 1690 est28).

167 1704 428 1758 Simulatque
460 1704 685 1760 Dionysius
718 1706 778 1749 sic
809 1707 1012 1763 tyrannus
1042 1706 1182 1749 factus
1204 1708 1281 1759 est,
1314 1707 1498 1762 primum
1520 1707 1769 1751 Hermocra-

165 1776 221 1819 tis
252 1775 382 1830 illius,
417 1777 467 1821 de
495 1791 572 1833 quo
590 1778 681 1835 Jam
711 1778 884 1831 tradidi,
917 1778 1051 1823 filiam
1082 1778 1126 1822 in
1157 1778 1473 1823 matrimonium
1506 1778 1689 1837 duxit²⁹)
1721 1792 1768 1823 eo

166 1848 351 1901 consilio,
385 1850 433 1892 ut
464 1850 517 1892 ad
548 1864 727 1907 regnum
760 1852 952 1895 stabilius
984 1852 1313 1896 confirmandum
1345 1852 1528 1896 nobilem
1558 1852 1768 1896 affinitate

263 2016 310 2063 ²⁴)
345 2017 398 2054 Cf.
417 2017 524 2054 Diod.
543 2018 648 2061 XIII,
669 2019 726 2061 63,
748 2019 804 2056 75.
850 2020 956 2057 Inter
985 2021 1137 2057 comites
1164 2020 1239 2057 fuit
1268 2022 1382 2058 etiam
1410 2021 1610 2068 Dionysius
1638 2021 1767 2065 maior,

166 2078 230 2125 qui
248 2078 463 2115 vulneratus
479 2081 627 2116 tantum
645 2080 753 2127 paulo
771 2082 855 2127 post
871 2080 1107 2129 tyrannidem
1125 2082 1324 2129 occupavit.

264 2139 311 2186 2ὅ)
346 2139 401 2177 Cf.
419 2140 552 2186 Ephor.
572 2141 668 2187 apud
685 2141 790 2178 Diod.
809 2142 914 2186 XIII,
933 2144 991 2180 80.
1025 2143 1190 2190 Xenoph.
1207 2143 1352 2181 Hellen.
1370 2144 1400 2186 I,
1419 2142 1452 2186 5,
1470 2143 1529 2180 21.

263 2199 310 2246 ⁹⁶)
345 2199 400 2237 Cf.
419 2200 526 2238 Diod.
545 2201 650 2245 XIII,
669 2202 824 2239 81-84,

268 2260 315 2307 ²⁷)
350 2260 406 2298 Cf.
436 2262 543 2299 Diod.
575 2262 680 2306 XIII,
710 2264 867 2301 84—91.
917 2264 1081 2312 Xenoph.
1113 2265 1257 2302 Hellen.
1288 2265 1317 2309 Ι,
1349 2265 1382 2301 2.
1413 2264 1471 2301 37.
1506 2263 1551 2300 cf.
1585 2264 1767 2312 imprimis

165 2320 327 2357 Niehues
344 2320 428 2358 diss.
447 2334 480 2369 p.
501 2324 557 2359 16.

265 2386 311 2433 ²⁸)
347 2385 402 2424 Cf.
422 2387 529 2424 Diod.
560 2388 665 2432 XIII,
684 2387 839 2425 91-96,
872 2385 1025 2433 Dionys.
1055 2385 1241 2422 Halicarn.
1272 2384 1327 2421 ed.
1348 2384 1509 2432 Sylburg
1525 2385 1610 2421 VlI.
1629 2396 1663 2432 p.
1681 2385 1765 2422 417.

165 2447 318 2483 Aristol.
348 2447 460 2484 Polit.
491 2448 547 2485 ed.
577 2447 687 2485 Acad.
718 2458 793 2493 reg.
812 2447 956 2483 Boruss.
975 2446 1018 2489 V,
1038 2448 1071 2483 6.
1106 2447 1278 2493 Polyaen.
1310 2447 1417 2481 strat.
1449 2445 1494 2489 V,
1514 2446 1547 2488 2,
1567 2446 1602 2481 2.
1632 2446 1766 2482 Aelian

166 2519 199 2543 v.
217 2508 253 2543 h.
272 2508 357 2551 XII,
376 2508 435 2544 46.
470 2509 569 2544 Plut.
588 2509 695 2545 Dion.
714 2520 742 2545 c.
762 2509 795 2544 3.
830 2508 993 2554 'Xenoph.
1025 2507 1169 2544 Hellen.
1199 2507 1250 2549 II,
1270 2507 1303 2549 2,
1323 2506 1381 2542 24.
1434 2505 1509 2543 Cic.
1540 2505 1632 2553 disp.
1660 2506 1764 2543 Tusc.

165 2566 209 2610 V,
228 2568 287 2603 20.
334 2566 428 2604 Gell.
459 2570 554 2604 noct.
580 2571 649 2605 att.
681 2569 801 2611 xv—H,
820 2569 866 2604 21
885 2579 919 2614 p.
937 2568 1020 2603 412.
1069 2568 1187 2603 Tzetz.
1218 2566 1314 2603 Chil.
1346 2566 1410 2602 VI.
1430 2578 1464 2602 v.
1483 2568 1554 2603 233
1572 2578 1662 2613 sqq„
1694 2578 1765 2613 quo

165 2628 241 2664 loco
258 2628 457 2675 Dionysius
475 2629 568 2667 falso
587 2631 685 2674 ,,υἱός
703 2631 769 2666 τοῦ
786 2630 1082 2677 Θερ,ιιοκράτους“
1100 2628 1308 2675 appellatur
1338 2629 1376 2664 et
1394 2638 1475 2664 cum
1492 2628 1569 2664 filio
1586 2628 1765 2675 Dionysio

165 2688 303 2724 minore
321 2688 565 2727 confunditur.
601 2689 763 2726 Niehues
780 2690 819 2727 ll.
838 2701 872 2737 p.
893 2690 949 2726 17.

264 2748 311 2796 ²⁹)
345 2748 400 2786 Cf.
417 2749 523 2787 Diod.
541 2751 646 2794 XIII,
665 2752 723 2788 96.
758 2751 858 2788 Plut.
876 2751 983 2787 Dion.
1002 2762 1030 2787 c.
1048 2751 1082 2787 3.
1119 2750 1283 2787 Sororem
1312 2761 1415 2787 suam
1445 2750 1608 2787 Thesten
1625 2751 1764 2798 Diony-

165 2810 240 2847 sius
255 2810 439 2858 Polyxeno
456 2811 661 2856 collocavit,
693 2811 736 2849 de
754 2822 826 2860 qua
850 2812 895 2850 cf.
914 2812 1014 2849 Plut.
1034 2812 1142 2849 Dion.
1161 2822 1189 2847 c.
1208 2812 1267 2849 21.
1296 2811 1470 2859 Polyaen.
1489 2813 1596 2849 strat.
1614 2811 1658 2856 V,
1677 2812 1711 2857 2,
1729 2812 1764 2849 4.
