1916 3085
939 92 999 138 36

160 212 306 270 nysius
337 213 505 258 illustre
537 213 741 268 ediderat,
774 214 829 259 ad
860 215 1101 259 concionem
1121 206 1315 260 yocatam
1335 214 1514 271 plebem,
1537 215 1586 262 ut
1605 215 1772 261 tueren-

160 287 231 329 tur
278 286 360 330 sibi
408 285 613 330 divinitus
659 288 754 344 post
796 297 926 332 annos
974 288 1257 346 quadraginta
1294 289 1338 332 et
1368 289 1525 347 oct012)
1557 289 1771 334 redditum

160 360 348 404 omnium
381 360 681 416 dignissimum
722 361 936 405 libertatis
967 361 1217 405 beneficium
1246 362 1440 417 pluribus
1470 364 1662 408 hortatus
1694 363 1769 407 est.

161 432 415 489 Syracusani
445 433 589 475 autem
619 432 799 478 Dionem
830 434 874 477 et
904 434 1143 491 Megaclem
1174 435 1352 479 fratrem
1373 435 1645 491 imperatores
1670 448 1772 480 cum

160 506 296 549 libera
326 506 534 561 potestate
566 507 827 550 creaverunt.
862 507 1049 551 Subinde
1080 508 1269 563 Epipolis
1300 508 1478 552 minima
1498 521 1622 564 opera
1637 509 1771 565 captis

160 578 331 633 totaque
370 577 457 620 iam
495 578 599 621 urbe
638 579 804 633 praeter
845 591 985 623 arcem
1016 581 1236 635 occupata,
1269 581 1316 623 ut
1348 580 1477 624 etiam
1508 580 1630 624 illam
1661 580 1772 623 obsi-

162 651 284 694 dione
316 651 550 706 premeret,
583 663 701 694 muro
734 664 759 695 a
790 652 913 707 portu
943 665 1099 709 magno
1131 652 1185 696 ad
1217 653 1383 708 portum
1414 665 1542 709 usque
1574 652 1771 697 Laccium

161 725 384 777 exstructo,
416 737 442 767 a
473 725 587 767 terra
619 724 1035 783 circumvallavitlss).

309 797 477 840 Interea
508 796 735 853 Dionysius
769 796 993 842 Cauloniae
1025 799 1070 842 in
1101 799 1228 842 Italia
1260 800 1469 852 versatus,
1511 798 1660 843 Dionis
1696 798 1771 842 ad-

160 870 335 915 ventum
379 870 571 925 expertus
619 870 721 913 erat.
787 870 926 925 Quare
973 872 1120 916 nuntio
1152 872 1207 916 ad
1254 872 1504 925 Philistum,
1553 873 1624 928 qui
1669 872 1770 915 tunc

161 944 273 988 circa
303 943 484 986 Adriam
516 944 621 995 erat,
653 943 795 996 misso,
829 945 877 987 ut
908 958 1003 988 cum
1026 945 1159 988 classe
1180 959 1307 1000 quam
1326 946 1579 1000 properrime
1601 945 1769 998 rediret,

161 1029 287 1072 quam
319 1015 514 1060 maximis
547 1015 770 1060 itineribus
802 1016 884 1060 iter
915 1017 1166 1070 accelerans,
1200 1018 1378 1073 septimo
1410 1017 1477 1061 die
1508 1018 1602 1073 post
1618 1017 1770 1061 Dionis

160 1091 205 1133 in
239 1090 429 1134 Siciliam
460 1090 657 1143 reditum,
691 1090 914 1145 eodemque
947 1090 1027 1143 die,
1061 1081 1150 1146 quo'
1170 1090 1281 1134 Dion
1296 1103 1413 1133 arma
1435 1090 1546 1146 apud
1568 1089 1771 1146 Synalum

161 1163 313 1207 relicta
352 1162 514 1218 accepit
544 1176 594 1206 ae
626 1162 789 1207 civibus
822 1162 1127 1220 distribuit14),
1165 1176 1354 1206 reversus
1386 1162 1431 1205 in
1462 1176 1601 1206 arcem
1632 1176 1676 1206 se
1706 1176 1771 1207 re-

160 1237 276 1278 tulit.
342 1235 464 1278 Unde
503 1235 627 1279 initio
663 1235 865 1291 privatim
896 1236 1036 1278 missis
1077 1236 1131 1278 ad
1163 1235 1342 1278 Dionem
1372 1235 1541 1291 legatis,
1574 1248 1675 1290 pace
1705 1245 1779 1278 res·

161 1320 403 1364 componere
434 1307 631 1352 tentavit.
697 1307 782 1351 Sed
822 1320 950 1364 quum
987 1307 1060 1350 ille
1094 1306 1279 1360 dixisset,
1311 1306 1537 1364 Dionysius
1568 1320 1664 1351 cum
1695 1306 1771 1365 Sy-

160 1382 375 1425 racusanis
407 1381 510 1436 ipsis
541 1381 709 1436 publice
740 1382 901 1437 ageret,
934 1381 1069 1437 legati
1101 1381 1327 1424 mediocria
1358 1380 1529 1436 tyranni
1559 1381 1770 1436 postulata

159 1454 480 1513 proposuerunt,
514 1454 640 1510 atque
673 1453 950 1511 vectigalium
981 1453 1270 1498 remissionem
1300 1452 1557 1509 militiaeque
1589 1453 1771 1498 vacatio·
1833 1451 1837 1455 ”

159 1542 270 1580 nem,
304 1527 388 1570 nisi
419 1527 502 1582 ipsi
534 1527 692 1571 bellum
724 1528 1035 1582 suscipiendum
1058 1540 1146 1571 esse
1173 1528 1456 1579 decernerent,
1477 1527 1768 1582 promiserunt.

162 1601 299 1655 Quae,
338 1613 467 1655 quum
497 1599 674 1655 populus
706 1599 915 1652 irrideret,
949 1601 997 1642 ut
1029 1599 1251 1655 imperium
1283 1599 1518 1655 deponeret,
1552 1599 1640 1642 alta
1672 1612 1770 1643 voce

159 1673 435 1730 postulantes,
467 1672 618 1727 petivit
649 1672 888 1729 Dionysius,
920 1674 969 1715 ut
999 1673 1054 1716 ad
1085 1685 1129 1715 se
1161 1672 1412 1728 Syracusani
1442 1672 1602 1727 aliquot
1627 1672 1770 1714 mitte-

161 1746 319 1799 rentur,
360 1745 612 1801 quibuscum
645 1744 696 1788 de
727 1758 829 1800 pace
860 1744 1049 1788 ferienda
1081 1744 1238 1801 ageret.
1303 1744 1425 1787 Missi
1462 1744 1559 1787 sunt
1588 1744 1643 1788 ad
1674 1757 1768 1788 eum

260 1940 305 1986 12)
333 1939 483 1975 Scilicet
520 1938 567 1975 ab
605 1949 700 1975 anno
737 1938 942 1974 405—357.
987 1937 1031 1974 cf.
1072 1938 1171 1974 Plut.
1207 1938 1303 1975 Dion
1335 1950 1362 1975 c.
1392 1939 1449 1976 28.
1494 1938 1625 1976 Timol.
1652 1949 1682 1975 c.
1711 1940 1766 1976 13.

159 2001 225 2037 Sin
262 2012 345 2036 vero
384 2000 490 2037 Corn.
530 2000 622 2046 Nep.
656 1999 753 2034 Dion
792 2009 820 2034 c.
849 1999 872 2034 5
910 1999 981 2034 ait:
1026 1999 1323 2045 „quinquaginta
1361 2010 1538 2035 annorum
1575 1999 1768 2045 imperium

159 2062 368 2098 munitum“
408 2063 520 2108 atque
557 2059 656 2096 Diod
693 2060 799 2103 XVI,
828 2060 872 2096 11
911 2059 1043 2096 refert:
1094 2061 1444 2106 ,,πεντηκονταετοῦς
1482 2061 1557 2108 γὰρ
1607 2058 1769 2100 δουλείας

159 2123 401 2171 πνειραίιιιενοια
439 2122 499 2158 his
529 2121 634 2158 nobis
660 2121 812 2157 minime
850 2121 1088 2156 continentur
1124 2122 1402 2158 controversiae.
1454 2121 1551 2157 Nam
1575 2121 1628 2157 sic
1654 2122 1767 2169 expli—

160 2183 275 2219 canda
301 2185 399 2226 sunt,
426 2185 471 2218 ut
495 2182 595 2218 Plut.
624 2181 834 2228 tyrannidis
873 2181 983 2216 finem
1009 2181 1048 2216 in
1074 2192 1116 2216 6ο
1142 2192 1237 2217 anno
1270 2183 1444 2228 posuerit,
1484 2193 1553 2229 quo
1578 2182 1675 2218 Dion
1700 2182 1766 2229 Sy-

160 2244 297 2279 racusis
336 2243 514 2289 Dionysio
553 2242 705 2278 absente
741 2242 885 2288 potitus
923 2243 997 2284 est,
1036 2252 1256 2288 quamquam
1282 2242 1481 2289 Dionysius
1517 2242 1602 2279 inde
1628 2243 1674 2279 ab
1700 2243 1766 2279 illo

160 2308 325 2351 tempore
350 2305 466 2340 etiam
492 2303 556 2340 diu
581 2303 746 2339 Insulam
784 2302 947 2339 tenebat.
992 2301 1096 2339 Corn.
1123 2302 1215 2350 Nep.
1242 2305 1354 2350 atque
1379 2303 1487 2339 Diod.
1514 2304 1552 2340 ll.
1580 2315 1661 2340 mea
1687 2303 1767 2351 qui-

160 2366 244 2402 dem
270 2365 458 2401 sententia
496 2365 632 2400 rectius
670 2363 880 2410 tyrannidis
905 2364 1016 2399 finem
1053 2363 1099 2400 ad
1125 2375 1263 2400 annum
1300 2376 1415 2412 usque
1441 2364 1513 2401 356
1550 2363 1765 2411 producunt,

160 2438 231 2475 quo
258 2426 458 2473 Dionysius
486 2437 528 2462 ex
554 2436 635 2461 arce
661 2426 701 2461 in
725 2425 880 2461 Italiam
906 2424 1048 2471 effugit.

259 2488 305 2535 12³)
332 2487 386 2524 Cf.
414 2487 516 2524 Plut.
544 2487 640 2523 Dion
667 2497 695 2522 c.
723 2487 770 2523 29
808 2488 846 2522 et
884 2485 989 2523 Diod.
1030 2486 1128 2531 XVI,
1165 2488 1222 2530 12,
1262 2488 1324 2534 qui
1363 2487 1569 2524 accuratius
1608 2486 1766 2525 tradidit

159 2549 370 2592 Plutarch0‚
410 2547 588 2595 quomodo
626 2559 751 2583 murus
777 2547 898 2583 editus
932 2550 1040 2590 esset,
1080 2559 1191 2594 quum
1230 2547 1347 2585 dicat:
1375 2576 1500 2584 ......
1519 2548 1559 2584 ἐκ
1585 2549 1767 2595 θαλάττης

160 2612 212 2650 εἰς
237 2610 427 2645 θάλατταν
453 2608 739 2657 διατειχίςματα,
767 2620 859 2655 quae
885 2608 995 2645 verba
1020 2610 1237 2655 gravissima
1263 2621 1340 2646 esse
1365 2611 1465 2656 puto.

260 2672 305 2717 Η)
331 2670 387 2707 Cf.
414 2671 514 2707 Plut.
542 2670 649 2706 Dionr
679 2681 707 2706 c.
736 2670 793 2705 29.
828 2669 934 2705 Diod.
963 2670 1062 2713 XVI,
1092 2672 1137 2707 10
1162 2669 1325 2717 prodidit
1350 2670 1417 2705 has
1443 2670 1637 2718 quinquies
1662 2671 1765 2706 mille

159 2734 366 2768 armaturas
405 2732 477 2766 iam
516 2733 602 2767 ante
629 2730 757 2766 urbem
783 2732 928 2776 captam
953 2730 1144 2767 advenisse
1183 2732 1222 2766 et
1259 2731 1358 2766 inter
1384 2730 1628 2777 Syracusanos
1654 2731 1764 2766 armis

160 2792 361 2829 destitutos
388 2791 525 2828 divisas
552 2803 638 2835 esse,
667 2790 763 2839 quod
787 2791 893 2835 mihi,
921 2803 1032 2839 quum
1058 2794 1202 2840 tempus
1219 2802 1320 2828 arma
1346 2791 1592 2829 transferendi
1617 2791 1765 2828 brevius

159 2855 222 2900 sit,
248 2853 347 2891 haud
373 2854 572 2891 verisimile
599 2854 756 2892 videtur.
