1916 3085
941 92 999 141 19

164 218 503 275 sermonibusque
533 217 718 263 honestis
749 217 1005 263 inaccessam
1035 217 1080 263 et
1109 217 1298 266 clausam
1319 216 1530 275 crapulae,
1548 211 1648 274 joci,
1670 225 1769 261 can·

163 293 246 345 tus,
277 291 464 347 tripudia
495 291 660 347 aliaque
690 290 864 342 licentia
892 291 1075 337 tenuere.
1107 291 1193 335 Diu
1223 290 1426 335 factiones
1457 290 1509 334 de
1529 289 1625 346 prin
1649 287 1769 345 ipatu

135 407 137 409 .
163 362 345 421 ancipite
374 363 543 409 fortuna
573 362 844 409 dimicabant.
877 362 1049 409 Summo
1077 362 1217 409 studio
1246 376 1297 409 ac
1326 362 1471 408 labore
1484 361 1596 407 Dion
1626 360 1769 407 enisus

162 436 239 489 est,
272 437 321 480 ut
349 437 576 494 tyrannum
607 436 660 480 ab
693 448 742 479 ea
774 435 942 481 vivendi
972 437 1134 482 ratione
1164 436 1389 489 revocaret,
1421 448 1545 492 quam
1570 434 1768 479 vitiorum

163 508 266 553 socii
296 510 497 565 optimam
537 507 790 561 laudabant,
822 507 1148 565 ignominiosum
1180 510 1223 553 et
1252 509 1376 564 turpe
1406 520 1497 552 esse
1527 507 1670 552 dicens
1700 518 1768 551 re-

162 593 259 637 gem
272 614 283 634 ,
326 594 455 637 quum
504 592 650 635 corpus
690 580 869 635 pretioso
909 581 1077 624 ornaret
1114 581 1272 627 amictu
1308 579 1556 635 aediumque
1585 579 1766 635 parietes

161 653 298 698 aureis
339 653 564 697 obduceret
605 652 806 706 vestibus,
840 652 1027 698 animum
1059 652 1244 711 ignavia,
1276 651 1391 705 luxu,
1423 651 1603 696 avaritia
1630 650 1766 696 omni-

161 727 318 783 busque
357 725 642 782 voluptatibus
679 724 812 782 iisque
853 725 1107 771 foedissimis
1144 725 1408 783 polluerem).
1486 724 1538 769 ln
1573 724 1765 783 legendis

160 798 349 843 Platonis
391 798 560 855 scriptis
597 798 778 842 libenter
818 798 929 843 Dion
959 799 1222 851 versabatur,
1271 801 1341 854 qui
1380 797 1483 842 adeo
1514 810 1611 841 eum
1640 798 1763 854 cepit,

162 872 209 915 ut
238 871 325 915 fere
356 871 480 928 plane
512 884 607 916 eum
638 870 814 916 recitare
845 871 920 915 aut
949 871 1105 916 referre
1135 871 1287 928 posset.
1332 869 1417 915 Sed
1448 870 1575 914 etiam
1607 869 1653 915 id
1684 870 1766 915 sibi

160 945 427 1007 proposuerat
457 944 590 997 Dion,
623 945 671 987 ut
702 943 953 1000 simulatque
985 944 1254 1001 Syracusanis
1286 943 1529 987 libertatem
1558 942 1765 987 reddidis-

161 1004 223 1061 set
254 1018 296 1061 et
326 1017 589 1062 moderatum
619 1030 668 1062 ac
697 1016 938 1074 legitimum
975 1017 1257 1074 principatum
1287 1015 1578 1061 constituisset
1607 1015 1765 1074 Diony-

86 1135 89 1137 ,
161 1089 269 1132 sium
302 1090 345 1133 et
375 1090 507 1134 semet
537 1089 675 1146 ipsum
706 1090 749 1133 et
780 1090 936 1134 ceteros
967 1089 1245 1148 Syracusanos
1276 1101 1418 1133 omnes
1448 1088 1593 1133 felices
1622 1087 1764 1132 reddi·

162 1163 307 1207 turum
340 1175 428 1207 esse
459 1161 774 1219 ostenderet12).
808 1161 925 1217 Quod
957 1175 1086 1218 quum
1118 1175 1164 1207 eo
1195 1161 1347 1206 melius
1378 1160 1542 1206 efficere
1572 1174 1617 1206 se
1645 1173 1764 1218 posse
1841 1205 1843 1207 ,

161 1235 244 1278 sibi
275 1235 566 1291 persuaderet,
600 1235 636 1279 si
656 1234 845 1279 Platonis
866 1235 1067 1279 auxilium
1089 1234 1172 1279 sibi
1203 1233 1503 1291 suppeditaret,
1535 1235 1626 1278 tam
1656 1234 1763 1280 miro

158 1308 440 1365 philosophiae
472 1308 616 1353 ardore
646 1307 857 1364 ipsiusque
887 1307 1077 1358 Platonis
1109 1307 1248 1352 studio
1279 1308 1322 1351 et
1352 1320 1492 1352 amore
1513 1306 1764 1366 Dionysium

159 1380 439 1425 inflammavit
452 1414 462 1434 ‚
501 1381 550 1424 ut
590 1381 794 1438 tyrannus
835 1380 924 1437 ipse
960 1380 1119 1424 litteris
1149 1380 1340 1424 Athenas
1370 1380 1512 1424 missis
1542 1380 1763 1425 Platonem

158 1454 326 1511 rogaret
372 1455 496 1510 atque
547 1454 800 1508 obsecraret,
848 1454 898 1498 ut
934 1466 1060 1512 quam
1105 1454 1245 1510 posset
1291 1452 1507 1498 celerrime
1537 1453 1762 1511 Syracusas

161 1526 398 1583 veniretlss).
462 1526 554 1570 Hac
593 1539 690 1571 vero
728 1526 905 1570 victoria
935 1525 1024 1570 sine
1056 1525 1143 1570 ullo
1176 1525 1300 1572 dubio
1331 1525 1441 1570 Dion
1483 1526 1645 1570 nullam
1686 1540 1763 1571 un·

161 1613 285 1656 quam
317 1599 399 1644 sibi
436 1612 581 1655 parere
621 1598 759 1656 potuit
788 1598 1002 1644 maiorem.
1063 1598 1147 1644 Sed
1178 1598 1244 1643 his
1275 1597 1378 1655 ipsis
1408 1598 1664 1656 temporibus
1694 1600 1762 1658 ty-

161 1684 292 1717 ranno
338 1671 574 1716 adulatores
620 1672 936 1729 persuaserunt,
985 1672 1034 1716 ut
1063 1671 1285 1725 Philistus,
1334 1672 1399 1716 vir
1444 1672 1532 1716 acri
1578 1672 1759 1731 ingenio,

161 1746 317 1790 litteris
359 1746 546 1790 imbutus
560 1780 571 1799 ,
613 1746 808 1804 Dionysii
846 1746 1104 1803 aliorumque
1143 1744 1362 1803 tyrannidi
1409 1759 1576 1791 summo
1621 1747 1761 1792 studio

158 1820 303 1863 favens
316 1851 327 1871 ,
370 1817 439 1874 qui
472 1831 496 1861 a
528 1818 730 1876 Dionysio
760 1818 915 1863 maiore
945 1818 1157 1875 relegatus
1189 1818 1369 1862 Adriam
1398 1818 1588 1876 perfugit
1619 1818 1760 1876 ibique

157 1890 375 1947 historiam
407 1904 527 1935 suam
557 1891 740 1935 maxima
771 1904 819 1935 ex
849 1892 967 1947 parte
999 1890 1241 1946 composuit,
1271 1890 1495 1948 Syracusas
1526 1891 1580 1936 ab
1613 1892 1758 1943 exsilio

156 1963 430 2020 revocaretur,
451 1964 500 2006 nt
515 1962 727 2016 haberent,
750 1975 873 2020 quem
893 1963 1065 2015 Platoni
1084 1963 1127 2007 et
1146 1962 1430 2019 philosophiae
1450 1962 1757 2023 objicerentu).

156 2036 279 2081 Plato
297 2036 350 2080 ab
370 2035 461 2092 ipso
471 2035 603 2080 Dione
623 2048 673 2081 ac
692 2035 966 2093 Pythagoreis
988 2034 1135 2080 amicis
1155 2035 1310 2080 crebris
1338 2028 1525 2091 epistolis
1552 2037 1758 2093 expetitus

155 2109 310 2154 iterum
340 2108 386 2152 in
417 2108 605 2154 Siciliam
636 2108 830 2167 venitm).
884 2107 950 2153 01.
987 2108 1119 2162 1032
1150 2128 1183 2146 =
1225 2109 1326 2153 367.
1376 2107 1514 2164 Quum
1543 2108 1599 2154 ad
1632 2109 1757 2168 Syra.-

253 2242 299 2290 ¹¹)
324 2241 380 2279 Cf.
407 2240 507 2278 Plut.
534 2240 632 2277 Dion
658 2250 686 2276 c.
715 2243 772 2279 10.

252 2302 298 2350 ¹²)
324 2302 379 2340 Cf.
405 2303 507 2339 Plut.
532 2301 641 2338 Dion.
667 2312 697 2338 c.
724 2303 879 2339 11-12.
903 2302 1051 2339 Platon.
1076 2313 1133 2349 ep.
1158 2302 1243 2340 VII.
1268 2313 1303 2349 p,
1329 2303 1400 2340 327
1418 2302 1458 2341 C.

253 2363 299 2410 ¹⁸)
324 2362 379 2400 Cf.
405 2362 507 2399 Plut.
532 2361 642 2399 Dion.
668 2372 697 2398 c.
724 2363 782 2400 11.
807 2361 941 2400 Aelian
965 2373 999 2400 v.
1025 2362 1061 2399 h.
1087 2362 1152 2406 IV,
1181 2363 1239 2400 18.

252 2423 298 2471 ¹⁴)
324 2422 379 2461 Cf.
407 2423 507 2460 Plut.
533 2422 573 2460 11.
599 2421 742 2461 cornel.
761 2422 852 2471 Nep.
869 2423 967 2460 Dion
991 2433 1022 2460 c.
1037 2424 1072 2461 3.
1091 2421 1223 2461 Suidas
1248 2435 1275 2461 s.
1295 2435 1330 2462 v,
1356 2422 1518 2465 Φίλιστος
1541 2423 1568 2471 ἡ·
1592 2424 1755 2467 §amoc

153 2484 339 2532 Imprimis
365 2482 478 2522 Grote
504 2483 567 2521 VI.
594 2494 628 2531 p.
654 2483 711 2521 55.

252 2545 298 2593 ι’5)
323 2544 588 2592 chronologia,
623 2545 656 2582 si
680 2544 748 2582 hoc
773 2544 948 2583 vocabulo
973 2545 1031 2583 uti
1056 2544 1162 2589 licet,
1197 2544 1307 2583 huius
1332 2547 1445 2593 atque
1470 2544 1567 2593 quod
1591 2548 1754 2594 proxime

152 2603 293 2642 accedit
318 2606 493 2652 temporis
519 2604 750 2641 difficillima*
765 2607 834 2648 est,
861 2616 972 2652 quum
996 2604 1129 2649 fontes,
1155 2616 1176 2643 e
1202 2605 1335 2653 quibus
1360 2604 1466 2642 nobis
1492 2617 1536 2643 ea
1553 2606 1755 2645 haurienda

151 2667 221 2710 est,
246 2666 396 2702 tantum
420 2676 599 2713 perpauca
625 2676 738 2713 eaque
762 2665 979 2712 perturbata
1015 2665 1262 2710 tradiderint,
1300 2676 1412 2714 quare
1448 2666 1547 2703 nihil
1571 2669 1664 2705 certi
1690 2669 1754 2706 ha-

152 2726 289 2764 bemus.
338 2724 495 2763 Constat
519 2726 738 2774 Dionysium
762 2726 936 2763 maiorem
961 2727 1070 2774 paulo
1095 2730 1179 2775 post
1203 2727 1349 2765 Lenaea
1374 2726 1432 2771 Ol,
1460 2729 1542 2772 103,
1571 2730 1592 2766 1
1608 2745 1658 2762 =
1681 2731 1753 2768 367

150 2788 191 2824 in
216 2786 349 2836 quibus
374 2788 492 2824 victor
515 2787 761 2835 proclamatus
786 2789 886 2832 erat,
918 2799 1081 2837 quaeque
1112 2789 1151 2825 in
1177 2788 1396 2826 Januarium
1430 2788 1489 2825 vel
1514 2788 1753 2829 Februarium

152 2847 333 2896 incidunt,
371 2860 458 2898 ergo
496 2849 557 2887 vix
595 2850 682 2888 ante
720 2860 884 2888 mensem
908 2849 1087 2889 Martium
1124 2861 1202 2892 8888
1238 2851 1423 2891 mortuum
1460 2848 1752 2902 Dionysiamque

1398 2911 1459 2959 2*
