1916 3085
920 77 978 128 31

152 205 297 266 magis
332 203 526 263 Dionysii
564 204 708 250 contra
755 203 879 249 illum
920 204 1132 250 crescebat
1152 204 1217 249 ira
1248 204 1291 249 et
1319 203 1483 249 odium.
1536 202 1758 246 Platonem

153 280 267 326 omni
304 278 426 323 modo
447 277 675 323 vstuduisse
688 311 699 331 ,
740 277 841 334 quin
882 277 1010 322 etiam
1042 278 1190 322 mortis
1221 277 1453 334 periculum
1486 275 1678 328 subiisse,
1710 275 1759 319 ut

152 350 532 397 reconciliationem
564 351 734 404 faceret,
767 350 963 395 vidimus.
1027 350 1109 395 Sed
1139 350 1310 394 frustra.
1374 349 1484 393 Dion
1515 348 1646 392 nullis
1679 347 1758 405 Sy-

153 435 397 470 racusarum
441 424 565 469 rebus
605 423 739 481 gestis
768 424 908 468 mente
948 436 1030 468 non
1071 423 1237 476 aderat,
1276 434 1460 478 semper,
1499 421 1572 477 qui
1613 419 1757 477 populi

154 498 264 542 esset
294 496 460 541 animus
473 530 483 550 ,
525 497 700 541 noverat
738 497 781 540 et
800 509 883 552 per
912 496 1188 553 longinquum
1219 495 1418 550 temporis
1449 494 1632 550 spatium
1664 506 1755 549 spe-

153 583 247 614 rare
293 583 411 626 posse
463 569 545 615 sibi
576 569 822 623 videbatur,
871 581 927 622 se,
960 569 1149 625 abJecta,
1198 568 1243 611 in
1274 580 1400 623 quam
1431 567 1602 611 vocatus
1633 566 1755 618 esset,

154 642 353 700 ingratia,
385 643 559 687 tandem
589 641 671 687 sibi
701 642 756 686 iri
785 641 1048 699 permissum,
1081 642 1129 684 ut
1159 640 1204 684 in
1235 640 1417 697 patriam
1449 639 1618 683 rediret.
1667 639 1757 683 Nec

154 715 389 761 exulcerato
436 716 527 760 erat
557 716 721 769 animo,
755 715 854 759 dum
885 716 1011 761 Plato
1041 729 1245 769 reversus,
1277 715 1472 772 Dionysii
1503 715 1660 772 agendi
1691 727 1758 758 ra-

111 793 115 797 '
154 785 311 833 tionem
343 788 386 831 in
418 801 515 845 opes
547 801 657 841 suas,
689 801 870 850 uxorem,
902 788 1039 833 filium
1069 789 1257 833 referret.
1322 787 1413 843 Qua
1449 787 1500 832 de
1531 801 1657 832 causa
1688 800 1759 832 vc-

154 861 370 905 hementer
401 860 534 917 iratus
565 874 641 905 nec
674 874 717 905 se
749 860 984 905 rediturum
1017 873 1106 905 esse
1137 873 1322 916 sperans,
1376 859 1558 903 reditum
1592 859 1636 904 vi
1666 859 1758 903 adi-

155 933 262 989 pisci
293 933 525 980 constituit.
561 932 688 978 Cuius
720 933 888 990 quidem
920 933 982 977 rei
1002 933 1125 977 Plato
1156 946 1238 976 non
1270 932 1437 976 videtur
1458 932 1592 976 socius
1614 932 1755 984 fuisse,

156 1005 368 1061 quamvis,
414 1006 457 1049 et
486 1007 668 1050 aetatem
700 1007 742 1049 et
772 1005 1111 1049 familiaritatem
1154 1019 1249 1049 cum
1279 1004 1479 1062 Dionysio
1525 1006 1754 1058 excusatus,

157 1077 266 1121 nihil
298 1090 451 1132 eorum,
484 1091 588 1134 quae
621 1078 702 1122 sibi
732 1079 1000 1134 proposuerat
1030 1078 1153 1131 Dion,
1186 1078 1426 1133 reprobaret
1436 1078 1506 1135 28).
1571 1078 1757 1135 AdJ‘utus

156 1151 204 1194 ut
234 1151 345 1204 erat,
378 1164 506 1207 quum
537 1150 786 1205 amicorum,
823 1152 916 1195 tum
949 1151 1250 1208 Speusippi29),
1283 1150 1473 1195 Platonis
1496 1151 1694 1207 discipuli
1715 1151 1758 1195 et

154 1224 388 1279 propinqui,
419 1237 554 1279 opera,
588 1224 813 1268 exercitum
846 1224 1105 1279 comparavit
1145 1225 1188 1267 et
1218 1224 1429 1267 instruxit.
1462 1224 1759 1280 Adjuuxerunt

157 1305 200 1340 88
240 1296 385 1352 sponte
427 1295 680 1352 expeditioni
731 1295 941 1339 Eudemus
989 1294 1177 1353 Cyprius,
1227 1295 1467 1339 Timonides
1509 1295 1756 1349 Leucadius,

157 1368 393 1424 Callippus,
436 1368 564 1412 Milta
605 1368 830 1412 Thessalus
861 1368 1121 1411 vaticinandi
1152 1367 1324 1423 peritus.
1387 1369 1449 1411 Ex
1480 1369 1588 1421 illis,
1630 1369 1702 1424 qui
1732 1381 1759 1412 a

156 1440 355 1498 Dionysio
400 1439 582 1497 relegati
629 1440 674 1483 in
707 1438 883 1484 Graecia
922 1439 1055 1483 vitam
1087 1440 1320 1496 degebant,
1352 1453 1433 1484 non
1464 1440 1604 1485 minus
1635 1454 1760 1497 quam

159 1513 290 1567 mille,
324 1513 480 1570 viginti
510 1514 678 1556 tantum
709 1513 753 1557 et
783 1512 963 1569 quinque
995 1513 1063 1557 vel
1093 1512 1340 1570 triginta³⁰)
1378 1526 1402 1556 a
1434 1514 1568 1558 Dione
1600 1515 1654 1558 ad
1695 1527 1759 1558 80-

160 1587 356 1630 cietatem
387 1586 504 1630 allici
533 1586 781 1642 potuerunt3
813 1585 885 1628 sed
916 1584 1149 1641 octingenti
1171 1587 1451 1629 convenerunt
1472 1586 1630 1630 milites
1650 1599 1760 1630 mer-

161 1657 330 1711 cenarii,
362 1671 504 1702 omnes
535 1658 717 1702 celebres
750 1656 904 1701 crebris
945 1657 1191 1713 magnisque
1223 1657 1630 1716 expeditionibusffl).
1663 1659 1761 1703 Ple-

160 1731 276 1787 rique
309 1730 397 1775 eius
428 1732 666 1786 susceptum
699 1730 817 1786 quasi
847 1729 1027 1772 hominis
1048 1729 1181 1787 nimia
1202 1728 1264 1772 ira
1285 1729 1440 1774 infensi
1461 1730 1759 1789 irridebant⁸¹)

161 1802 276 1858 Quae
297 1817 393 1849 vero
413 1816 563 1860 parvas
585 1803 695 1857 illas,
712 1815 817 1859 quae
838 1801 965 1846 Dioni
985 1802 1086 1846 tunc
1106 1801 1150 1844 in
1171 1803 1366 1858 promptu
1388 1804 1520 1857 erant,
1554 1803 1757 1862 copias-⁰³³)

258 1984 306 2032 ²⁸)
331 1983 386 2022 Cf.
415 1984 534 2021 Tzetz.
561 1983 656 2021 Chil.
685 1983 729 2028 V,
757 1984 827 2021 173
853 1995 931 2031 sqq.
964 1983 1062 2021 Plat.
1091 1994 1145 2031 ep.
1172 1983 1257 2021 VII.
1284 1996 1318 2031 p.
1347 1986 1436 2029 350;
1462 1986 1532 2022 III.
1559 1998 1592 2032 p.
1619 1986 1692 2023 315
1708 1986 1757 2030 E;

160 2044 224 2081 IV.
250 2056 285 2092 p.
312 2046 382 2082 320
407 2043 450 2081 A.
476 2044 577 2080 Plut.
603 2044 711 2082 Dion.
738 2055 767 2081 c.
794 2046 851 2081 22.
879 2045 987 2091 Diog.
1014 2044 1137 2081 Laert.
1164 2045 1236 2089 111,
1263 2047 1320 2082 20.
1348 2045 1480 2083 Aclian
1506 2058 1538 2083 v.
1557 2046 1684 2091 h.111,
1700 2048 1756 2084 17.

258 2105 306 2153 ²⁹)
332 2105 446 2150 Quem
470 2105 576 2141 Plass
601 2105 651 2142 11.
679 2117 714 2153 p.
741 2106 812 2143 247
839 2105 932 2142 falso
959 2105 1218 2153 „ffifeufippueu
1243 2108 1359 2143 vocat.

257 2167 305 2214 ⁸⁰)
330 2166 430 2203 Plut.
457 2167 555 2203 Dion
580 2177 613 2205 e.
640 2168 687 2203 22
725 2169 916 2204 enumerat
940 2168 988 2204 25
1013 2168 1051 2203 et
1081 2165 1187 2203 Diod.
1215 2166 1315 2211 XVI,
1343 2169 1389 2205 10
1426 2170 1683 2205 commemorat
1711 2169 1761 2207 30

162 2238 181 2264 8
206 2238 356 2265 1111111810
381 2227 555 2271 exsulum,
583 2228 647 2275 qui
671 2228 826 2275 periculi
851 2228 1050 2276 participes
1075 2238 1152 2264 esse
1178 2228 1388 2265 voluissent.

258 2288 306 2335 ³¹)
331 2287 386 2325 cf.
413 2288 512 2325 Plut.
541 2288 580 2324 11.

258 2348 306 2395 ⁸²)
332 2347 385 2385 cf.
412 2348 511 2384 Plut.
539 2348 636 2384 Dion
661 2359 690 2384 c.
718 2349 776 2385 23.

257 2408 305 2456 ³³)
330 2408 551 2452 Exercitum,
591 2419 743 2456 quocum
779 2408 877 2445 Dion
919 2407 1153 2456 tyrannidem
1192 2410 1354 2445 evertere
1396 2409 1564 2445 tentavit
1604 2420 1759 2456 parvum

159 2469 272 2506 fuisse
298 2480 422 2505 01111188
446 2469 485 2505 111
511 2480 552 2505 80
578 2470 812 2505 consentiunt
843 2472 1019 2506 auctores.
1058 2469 1113 2506 Cf.
1139 2469 1240 2506 Plut.
1266 2469 1364 2505 Dion
1390 2479 1418 2505 c.
1446 2470 1502 2506 22.
1536 2469 1632 2506 Diod
1658 2471 1759 2516 XVI.

160 2530 183 2567 9
207 2532 386 2567 memorat
410 2530 513 2566 mille
538 2530 783 2567 mercenarios.
805 2551 849 2556 -—
875 2529 1013 2578 χιλίους
1040 2552 1085 2556 -
1111 2529 1226 2566 Arist.
1252 2530 1330 2567 Pol.
1359 2530 1403 2573 V,
1430 2530 1463 2575 8,
1485 2531 1540 2568 17.
1568 2531 1756 2570 Demosth.

161 2590 240 2628 adv.
269 2591 463 2638 Leptinem
488 2602 516 2628 c.
545 2593 625 2629 162.
648 2590 774 2636 Corin.
800 2591 890 2638 Nep.
917 2591 1014 2627 Dion
1039 2603 1067 2628 c.
1095 2592 1128 2628 5.
1171 2592 1295 2638 Synes.
1335 2603 1439 2628 serm.
1479 2591 1526 2629 ad
1550 2592 1685 2630 Paeon.
1711 2592 1759 2641 ssp.

161 2652 232 2688 308
257 2651 300 2688 A.
327 2651 442 2689 Arist.
470 2652 564 2688 rhet.
592 2651 637 2688 ad
662 2650 765 2688 Alex.
791 2662 820 2687 c.
848 2653 870 2688 9
908 2650 1053 2698 quidem
1091 2651 1203 2688 refert
1240 2652 1395 2688 Dionem
1432 2653 1527 2701 μετὰ
1553 2653 1762 2702 τρισχιλίων

161 2711 319 2749 ὁπλιτῶν
356 2714 396 2749 et
439 2712 582 2750 Aelian.
622 2725 656 2750 v.
682 2713 718 2750 h.
745 2712 810 2756 IV,
836 2713 860 2749 8
897 2712 991 2761 μετὰ
1029 2712 1216 2760 δισχιλίων
1252 2715 1481 2761 στρατιωτῶν
1517 2714 1557 2752 in
1595 2714 1761 2753 Siciliam

162 2773 364 2810 tramisisse
389 2773 678 2821 Dionysiamque
704 2773 914 2816 debellasse,
941 2772 1004 2809 sed
1029 2773 1268 2810 Plutarchum
1294 2785 1440 2822 sequor,
1478 2775 1542 2823 qui
1567 2786 1628 2819 ea,
1667 2787 1761 2824 quac

160 2832 265 2872 nobis
290 2833 449 2873 tradidit
475 2834 667 2873 'simonide
693 2837 839 2874 auctore
864 2832 909 2872 cf.
928 2833 1029 2874 Plut.
1046 2832 1143 2872 Dion
1165 2846 1198 2872 o.
1216 2835 1276 2881 35,
1303 2846 1410 2885 quem
1435 2836 1509 2874 toti
1534 2835 1761 2887 expeditioni
