1916 3085
934 58 1000 109 26

285 178 514 239 Postquam
554 180 665 228 Dion
707 180 922 241 relegatus
962 195 1013 229 ac
1058 182 1183 229 Plato
1228 183 1419 235 Athenas
1458 196 1649 238 reversus
1683 183 1767 239 est,

162 254 368 299 Philistus
410 255 683 313 Dionysiique
730 257 1008 301 assentatores
1053 271 1222 313 prorsus
1266 259 1446 316 tyranno
1490 259 1611 306 abusi
1651 259 1767 310 sunt.

160 327 446 374 Adulatorum
476 342 591 375 more.
621 330 710 374 eius
742 329 848 375 vitia
880 328 1019 374 decori
1040 331 1258 387 praetextu
1278 331 1424 389 tegere
1445 332 1598 386 conati,
1630 331 1770 378 omnia

162 403 205 446 et
234 402 409 446 honesta
440 402 483 446 et
514 403 734 447 inhonesta
766 402 942 446 summis
974 403 1203 447 efferebant
1222 403 1477 460 laudibusss).
1542 405 1602 448 Ut
1630 418 1769 451 exem-

161 474 280 531 plum
312 474 497 526 afferam,
531 474 773 530 Aristippus
804 473 880 518 ille
912 473 1164 532 Cyrenaicus
1195 476 1240 519 in
1271 475 1466 534 Dionysii
1497 476 1596 522 aula
1627 489 1769 523 versa-

161 547 231 590 tus
264 547 406 590 docuit
436 547 697 602 voluptatem
728 547 854 590 finem
893 560 982 591 esse
1020 548 1222 595 bonorum
1260 550 1303 593 et
1340 550 1385 592 in
1427 562 1475 593 ea
1513 549 1641 592 sitam
1679 562 1769 593 esse

161 619 295 664 vitam
328 620 522 670 beatam;
552 619 841 676 praesentibus
874 632 962 664 esse
993 620 1211 675 utendum,
1244 634 1345 665 nam
1364 634 1559 678 praesens
1580 621 1768 665 nostrum

163 705 253 735 esse
285 706 368 735 non
399 693 541 735 autem
573 692 846 748 praeteritum
880 705 955 735 nec
985 693 1191 736 futurum.
1254 694 1495 750 Praeceptis
1534 694 1623 750 ejus
1654 705 1771 749 pror·

161 778 232 809 sus
264 767 539 811 consentanea
570 765 655 809 fuit
685 766 786 818 vita,
821 778 944 821 quam
976 765 1260 821 philosophiae
1298 766 1437 810 doctor
1473 766 1518 809 in
1549 766 1770 810 cuiuscun-

162 850 241 894 que
274 838 442 895 generis
475 838 761 894 voluptatibus
794 838 969 895 degit9).
1033 838 1291 895 Polyarchus
1328 839 1484 892 autem,
1526 838 1594 883 cui
1634 836 1768 884 Ἡδυ-

161 907 315 971 παθής
345 902 574 968 cognomen
605 909 689 955 fuit
725 910 856 955 dixit:
899 924 976 956 nec
1013 910 1231 968 prudentis
1272 925 1348 956 nee
1390 911 1503 956 beati
1535 924 1622 956 esse
1655 912 1770 968 cupi-

162 983 317 1027 ditates
371 983 600 1039 reprimere
651 984 693 1026 et
736 983 994 1040 subjugare,
1045 996 1171 1039 quum
1219 983 1544 1042 uniuscujusque
1589 984 1770 1027 hominis

161 1057 314 1100 natura
345 1055 398 1100 ad
433 1068 502 1100 eas
534 1056 645 1100 esset
676 1068 899 1113 propensa,
940 1057 982 1100 et
1014 1069 1092 1113 quo
1124 1056 1216 1112 quis
1248 1056 1450 1113 maj0rem
1482 1057 1631 1101 nactus
1662 1056 1772 1101 esset

160 1128 392 1185 potentiam
424 1141 471 1172 eo
502 1128 642 1184 magis
672 1128 775 1171 ferri
805 1128 859 1172 ad
902 1128 1084 1184 corporis
1123 1116 1373 1185 voluptates.
1437 1130 1584 1185 Itaque
1621 1130 1771 1173 Persa-

161 1214 257 1245 rum
288 1213 433 1258 regem
465 1200 508 1244 et
538 1199 788 1258 Dionysium
819 1200 1024 1245 minorem
1045 1201 1311 1264 beatissimos
1333 1214 1420 1246 esse
1442 1201 1631 1246 homines
1651 1214 1772 1259 prae-

163 1274 342 1327 dicavit,
375 1273 484 1329 quod
516 1273 604 1316 illis
635 1274 805 1329 propter
834 1273 1066 1329 potentiam
1096 1273 1304 1330 plurimae
1336 1286 1487 1330 eaeque
1518 1273 1772 1329 perfectissi-

162 1360 256 1392 mae
288 1345 541 1403 cupiditates
573 1346 712 1391 essent
741 1346 992 1405 paratae10).
1058 1347 1206 1404 Itaque
1238 1360 1368 1404 quum
1399 1345 1605 1405 ejusmodi
1627 1346 1708 1392 viri
1727 1346 1772 1391 in

161 1420 356 1477 Dionysii
387 1419 485 1462 aula
517 1420 799 1472 versarentur,
832 1420 1006 1463 minime
1038 1420 1193 1463 mirum
1225 1419 1362 1463 videri
1391 1420 1542 1476 potest,
1575 1419 1683 1475 quod
1703 1419 1772 1476 ty-

161 1506 337 1545 rannus,
371 1492 415 1535 in
446 1491 673 1547 pristinam
705 1492 929 1549 segnitiem
961 1492 1164 1548 relapsus,
1207 1492 1357 1537 maiori
1389 1505 1515 1548 quam
1547 1492 1671 1536 antea
1702 1503 1771 1535 ar-

163 1566 260 1609 dore
292 1564 509 1616 avaritiae,
543 1564 767 1617 socordiae,
800 1565 989 1608 luxuriae
1021 1577 1064 1608 se
1096 1564 1226 1608 dedit.
1292 1564 1403 1618 Quid
1434 1563 1543 1619 quod
1563 1564 1684 1607 tanta
1705 1562 1772 1605 in-

160 1637 442 1695 temperantia
474 1637 762 1694 voluptatibus
794 1637 987 1691 indulsit,
1020 1638 1070 1681 ut
1101 1650 1305 1681 novarum
1336 1636 1574 1681 inventores
1596 1634 1772 1680 summis

162 1725 326 1767 semper
357 1710 544 1755 afficeret
575 1710 854 1767 praemiis¹¹)‚
887 1711 1008 1754 tanta
1038 1710 1123 1753 fuit
1154 1710 1370 1763 ebrietate,
1404 1710 1452 1752 ut
1473 1722 1595 1765 saepe
1616 1708 1771 1751 multos

260 1845 290 1890 ⁸)
316 1843 562 1881 Adulatorum
586 1843 724 1890 agendi
750 1844 933 1880 rationem
958 1843 1095 1880 diserte
1122 1843 1289 1890 explicat.
1317 1843 1416 1880 Plut.
1445 1842 1489 1880 de
1515 1841 1612 1879 adul.
1639 1852 1668 1878 c.
1688 1843 1723 1878 9.

264 1905 293 1953 ⁹)
320 1904 375 1943 Cf.
417 1903 462 1942 de
499 1904 684 1952 Aristippi
722 1904 970 1951 ignominiosa
1008 1904 1088 1941 vita
1123 1903 1399 1952 praeceptisque
1436 1902 1571 1941 Athen.
1598 1901 1685 1946 XII,
1712 1902 1770 1940 63.

161 1966 369 2013 Hegesand.
409 1977 467 2012 ap.
495 1965 631 2002 Athen·
659 1966 724 2001 XI.
757 1977 790 2012 p.
821 1967 901 2002 116.
955 1965 1100 2001 Simson
1138 1965 1294 2001 chronic.
1334 1963 1382 2001 ad
1406 1975 1438 2000 a.
1466 1964 1573 2000 3640.
1616 1962 1690 1999 cic.
1725 1960 1773 1998 ad

161 2027 247 2071 fam.
275 2027 341 2070 IX,
369 2028 426 2064 26.
466 2026 637 2063 Lactant.
665 2026 736 2062 III.
765 2025 809 2062 de
835 2025 930 2062 falsa
955 2037 1030 2073 sap.
1059 2025 1087 2062 c.
1116 2026 1173 2062 15.
1206 2025 1306 2062 Plut.
1333 2024 1430 2061 Dion
1455 2034 1483 2060 c.
1514 2024 1569 2060 19.
1608 2021 1772 2059 Phanias

161 2089 254 2137 Eph.
283 2088 416 2135 fragm.
445 2089 503 2125 21.
542 2087 675 2124 Aelian
708 2099 740 2125 v.
769 2087 804 2124 h.
832 2087 932 2130 XIV,
960 2089 993 2125 6.
1033 2087 1114 2123 Val.
1147 2086 1243 2123 Max.
1274 2086 1339 2129 IV,
1366 2086 1401 2123 3.
1439 2085 1548 2130 Diog.
1581 2083 1704 2120 Laert.
1732 2082 1772 2120 in

160 2150 339 2195 Aristipp.
367 2149 417 2184 II.
445 2159 472 2184 c.
501 2149 534 2184 8.
586 2147 697 2183 Plato
722 2148 853 2183 multis
878 2148 977 2183 locis.
1005 2146 1134 2182 Horat.
1163 2146 1192 2182 I.
1221 2157 1274 2192 ep.
1305 2146 1350 2181 17
1376 2156 1409 2180 v.
1437 2144 1592 2180 20—23.
1620 2143 1771 2190 Voyage

162 2208 335 2246 d'Anach.
363 2208 465 2255 chap.
493 2208 541 2245 33
567 2206 621 2245 ed.
649 2207 813 2245 Barthel.

262 2270 307 2316 ¹⁰)
333 2269 389 2307 cf.
416 2269 625 2306 Aristoxen.
653 2269 780 2305 Music.
814 2269 854 2305 in
881 2269 960 2305 vita
985 2267 1137 2314 Archyt.
1170 2278 1227 2314 ap.
1255 2265 1390 2303 Athen.
1418 2266 1505 2302 XII.
1532 2276 1562 2303 e.
1589 2265 1648 2303 64.
1701 2263 1772 2301 Sed

161 2334 205 2369 ut
242 2331 364 2377 magis
403 2330 590 2376 perspicue
628 2329 841 2376 intelligas,
885 2329 1006 2376 qualis
1049 2327 1163 2365 fuerit
1200 2327 1424 2375 Polyarchus
1466 2327 1632 2369 afferam,
1676 2324 1772 2373 quod

162 2393 295 2432 Aelian
323 2403 355 2429 V.
384 2391 419 2429 h.
448 2391 554 2428 VIII.
581 2390 751 2427 tradidit.
805 2390 894 2434 ,‚Eo,
920 2390 986 2434 ait,
1026 2390 1188 2427 luxuriae
1225 2400 1436 2437 progressus
1462 2390 1561 2432 erat,
1598 2389 1641 2424 ut
1666 2398 1772 2424 canes

161 2457 201 2490 et
226 2454 357 2500 gallos,
397 2451 530 2500 quibus
569 2451 775 2487 dolectatus
812 2453 887 2493 est,
926 2453 1088 2487 mortuos
1126 2451 1270 2498 publice
1309 2450 1456 2486 efferret
1494 2451 1534 2485 et
1565 2448 1693 2484 amieis
1725 2446 1771 2483 ad

161 2514 350 2562 exsequias
376 2524 500 2550 eorum
527 2512 667 2549 vocatis
694 2510 883 2558 splendide
909 2512 1098 2559 sepeliret,
1138 2511 1229 2559 quin
1254 2511 1370 2547 etiam
1395 2509 1559 2557 sepulcro
1590 2508 1771 2545 instructo

162 2576 419 2622 inscriptiones
444 2575 483 2611 in
510 2573 605 2610 illud
630 2572 847 2609 incideret.“

263 2637 308 2682 ¹¹)
334 2636 474 2672 Narrat
514 2634 686 2671 Timaeus
724 2645 781 2680 ap.
813 2632 950 2669 Athen.
978 2633 1022 2669 X.
1051 2643 1079 2669 e.
1106 2632 1155 2669 49
1181 2634 1221 2668 et
1257 2631 1366 2677 Diog.
1394 2630 1518 2667 Laert.
1552 2630 1592 2666 in
1617 2629 1771 2667 Xenocr.

164 2698 227 2734 IV.
255 2708 283 2733 e.
312 2698 344 2733 2.
372 2696 436 2734 Nr.
465 2697 498 2734 5.
539 2696 760 2743 Dionysium
797 2695 974 2731 minorem
1013 2695 1053 2731 in
1091 2694 1304 2740 congiorum
1342 2692 1579 2729 solemnitate
1616 2691 1671 2734 ei,
1709 2689 1773 2737 qui

161 2758 300 2805 primus
325 2758 497 2804 congium
523 2756 718 2800 ebibisset,
746 2767 913 2792 coronam
939 2766 1087 2792 auream
1112 2755 1316 2801 praemium
1341 2753 1586 2800 proposuisse,
1613 2749 1773 2788 ebibisse

163 2830 246 2857 vero
270 2819 431 2869 primum
455 2819 618 2857 omniurn
643 2818 887 2856 Xenocratem
911 2815 1223 2856 Chalcidicensem
1247 2814 1515 2864 philosophum.
