1916 3085
935 72 993 119 37

164 197 259 253 viri,
292 208 393 255 quos
423 195 534 241 Dion
564 195 763 253 probatae
785 169 1075 254 spectataeque
1106 196 1205 242 fidei
1235 209 1325 241 esse
1356 208 1439 241 non
1470 195 1634 240 nesciit.
1669 195 1772 251 Qui-

165 272 242 316 bus
280 268 424 313 autem
460 282 555 313 cum
594 269 794 326 Dionysio
831 269 882 313 de
927 283 1029 326 pace
1074 270 1372 315 disserentibus
1419 282 1467 313 ex
1504 281 1600 313 arce
1632 269 1771 313 subito

163 356 303 388 rumor
335 343 499 387 exortus
530 344 676 387 urbem
707 344 905 398 pervasit,
937 344 1185 401 Dionysium
1216 344 1439 399 imperium
1478 356 1568 387 esse
1607 343 1771 399 deposi-
1833 348 1837 349 ’

162 416 318 459 turum.
383 415 466 460 Sed
504 416 583 459 hac
619 416 735 459 fama
776 414 1046 472 Syracusanis
1085 416 1169 460 doli
1209 417 1252 460 et
1282 416 1461 461 insidiae
1492 416 1767 472 parabantur.

162 488 275 531 Nam
306 501 434 544 quum
465 489 690 544 Dionysius
723 488 774 531 de
806 488 873 532 die
905 489 949 532 in
980 489 1093 532 diem
1123 490 1375 545 colloquium
1406 490 1689 546 prolongaret,
1725 489 1769 532 et

164 559 413 616 Syracusani
443 573 514 616 spe
544 561 660 616 pacis
683 561 882 604 custodiis
903 561 1191 617 negligentius
1212 562 1495 617 prospicerent
1516 562 1768 617 segniusque

163 632 363 677 stationes
395 646 520 689 agere
551 633 793 689 coepissent,
825 633 959 689 primo
982 634 1179 686 diluculo,
1213 633 1388 677 reclusis
1409 634 1616 689 extemplo
1636 634 1768 689 portis

162 705 289 758 arcis,
331 709 495 762 'agmen
541 706 791 749 instructum
837 719 1031 762 meroque
1079 706 1300 762 impletum
1344 706 1488 749 contra
1537 719 1705 749 murum
1742 719 1768 749 a

163 778 296 821 Dione
328 779 584 822 exstructum
615 791 769 835 magno
800 779 960 834 impetu
996 780 1187 823 immisit.
1251 779 1372 822 Muro
1404 792 1558 835 magno
1590 779 1768 834 strepitu

163 851 300 895 diruto
338 851 640 908 trucidatisque
676 852 962 896 excubitorum
1001 865 1082 896 non
1113 852 1276 909 paucis,
1310 852 1480 896 barbari
1516 852 1684 895 irruunt
1722 851 1765 895 in

161 924 322 967 urbem.
388 925 524 979 Quum
556 926 805 981 Syracusani
836 938 881 968 re
913 926 1196 981 inexspectata
1226 926 1443 982 perterriti
1478 927 1600 982 terga
1632 926 1768 970 verte-

161 997 277 1050 rent,
311 997 439 1050 Dion,
473 999 724 1054 simulatque
753 1012 799 1041 se
831 1011 856 1041 a
886 998 1064 1055 tyranno
1091 998 1239 1042 fraude
1271 998 1492 1055 deceptum
1524 998 1653 1050 videt,
1687 998 1767 1042 mi-

161 1070 309 1113 litibus
340 1072 493 1114 coactis
524 1071 635 1131 hosti
664 1071 830 1115 obviam
861 1071 1012 1114 tendit.
1075 1071 1239 1115 Proelio
1269 1073 1470 1125 conserto,
1503 1073 1557 1116 ab
1588 1073 1766 1128 utraque

161 1143 292 1199 parte,
324 1144 569 1199 praesertim
600 1157 727 1200 quum
758 1144 870 1187 intra
901 1144 1154 1187 munitiones
1185 1145 1254 1188 vix
1285 1146 1407 1189 unius
1430 1145 1559 1191 stadii
1581 1145 1766 1201 spatium

161 1216 447 1268 intercederet,
481 1218 681 1259 acerrime
713 1217 959 1260 dimicatum
992 1218 1068 1260 est.
1117 1217 1255 1270 Quum
1285 1231 1382 1261 vero
1413 1218 1550 1260 Marte
1582 1218 1766 1272 ancipite

161 1288 452 1345 confligeretur
490 1289 695 1345 multique
734 1302 782 1332 ex
820 1289 1006 1344 utrisque
1045 1288 1260 1341 caderent,
1299 1289 1409 1333 Dion
1447 1289 1609 1346 egregii
1647 1289 1767 1345 quip-

161 1364 275 1417 piam
306 1363 565 1417 peracturus,
597 1363 642 1404 in
674 1362 831 1404 medios
863 1362 1002 1405 hostes
1033 1375 1076 1405 se
1109 1362 1288 1405 immisit
1317 1363 1552 1418 acriterque
1573 1375 1766 1418 pugnans

161 1434 315 1479 multos
347 1435 526 1479 necavit.
591 1434 671 1479 Sed
705 1435 792 1490 ipse
823 1434 869 1477 in
901 1434 1043 1478 dextro
1074 1434 1245 1479 brachio
1275 1434 1518 1479 vulneratus
1565 1436 1608 1480 et
1650 1448 1767 1479 sene-

160 1508 274 1551 ctute
303 1508 392 1564 Jam
415 1508 626 1551 confectus
646 1509 692 1551 in
722 1509 880 1551 terram
912 1508 1118 1563 collapsus
1150 1508 1356 1564 singulari
1384 1509 1551 1551 tantum
1583 1509 1767 1551 militum

159 1579 409 1623 fortitudine
440 1581 510 1623 vix
542 1581 692 1637 effugit
721 1581 913 1624 mortem.
957 1581 1185 1636 Postquam
1217 1581 1400 1637 periculo
1432 1582 1598 1637 ereptus
1630 1581 1771 1625 Timo-

160 1652 301 1696 nidem
332 1653 454 1695 illum
488 1652 634 1696 ducem
670 1654 751 1696 sibi
772 1653 1006 1705 substituit,
1040 1654 1129 1708 ipse
1161 1666 1256 1697 vero
1279 1667 1382 1709 equo
1413 1654 1559 1697 urbem
1592 1654 1771 1697 circum-

161 1725 322 1776 vectus,
363 1725 641 1782 Syracusanos
680 1739 705 1769 a
740 1726 844 1782 fuga
881 1726 1094 1778 avocavit,
1129 1727 1171 1770 et
1201 1726 1445 1783 peregrinos
1479 1727 1658 1779 milites,
1699 1728 1770 1782 qui

161 1797 426 1841 Achradinae
472 1798 728 1854 praesidium
772 1799 992 1852 tenebant,
1041 1799 1186 1843 contra
1232 1799 1476 1856 Dionysium
1529 1799 1767 1852 concitavit,

160 1870 276 1913 illius
323 1872 570 1915 mercenarii
617 1872 749 1915 saucii
794 1885 843 1915 ac
891 1872 1043 1915 defessi
1090 1873 1134 1914 in
1174 1885 1311 1916 arcem
1344 1885 1388 1916 se
1419 1873 1601 1929 recipere
1635 1874 1770 1917 coacti

162 1944 338 1999 sunt15).

282 2016 375 2060 Hac
405 2016 592 2071 victoria,
626 2017 668 2060 in
701 2030 781 2073 qua
813 2031 861 2061 ex
883 2017 1029 2061 Dionis
1057 2017 1265 2061 militibus
1287 2017 1554 2074 septuaginta
1578 2018 1767 2073 quatuor,

162 2101 183 2131 e
215 2089 407 2146 Dionysii
438 2103 534 2134 vero
565 2091 797 2148 octingenti
817 2090 1070 2143 ceciderunt,
1101 2091 1236 2146 parta,
1271 2090 1520 2147 Syracusani
1550 2091 1769 2147 tropaeum

161 2160 206 2203 in
236 2162 406 2218 tyranni
443 2163 708 2218 opprobrium
747 2164 977 2215 erexerunt,
1011 2163 1199 2207 externos
1238 2163 1393 2206 milites
1425 2164 1595 2207 centum
1626 2165 1767 2213 minis,

162 2233 340 2277 Dionem
371 2248 467 2279 vero
499 2248 624 2280 aurea
656 2249 804 2281 corona
835 2235 1108 2281 donaverunt.
1157 2235 1382 2294 Dionysius
1414 2236 1557 2280 autem
1589 2250 1661 2293 spe
1693 2250 1769 2282 sua

161 2307 388 2351 frustratus
421 2308 625 2353 cadavera
656 2310 881 2365 impetrata
913 2310 1050 2354 aureis
1074 2310 1232 2354 coronis
1259 2310 1560 2366 purpureisque
1582 2311 1769 2355 vestibus

163 2380 379 2437 eleganter
410 2381 566 2426 amicta
588 2383 755 2438 sepeliri
777 2383 913 2436 iussit,
937 2383 1088 2439 quibus
1118 2381 1266 2426 officiis
1289 2383 1562 2439 superstitum
1583 2396 1769 2427 amorem

162 2453 244 2498 sibi
265 2454 487 2498 conciliare
510 2455 686 2500 studuit.
719 2455 895 2509 Deinde,
920 2469 1048 2512 quum
1070 2455 1348 2500 fortissimum
1375 2469 1577 2513 quemque
1600 2458 1768 2515 magnis

161 2527 349 2571 ornasset
385 2528 644 2580 muneribus,
699 2529 853 2572 iterum
897 2529 1077 2586 legatos,
1134 2529 1205 2585 qui
1245 2529 1294 2574 de
1338 2543 1438 2585 pace
1486 2531 1769 2586 componenda

161 2612 257 2643 cum
289 2599 560 2656 Syracusanis
591 2602 776 2658 agerent,
810 2602 939 2655 misit,
973 2615 1073 2658 quos
1094 2602 1217 2655 Dion,
1242 2602 1385 2646 eadem
1407 2602 1496 2645 arte
1517 2602 1769 2660 Dionysium

261 2768 307 2816 ¹⁵)
332 2768 387 2806 Cf.
415 2769 513 2807 Diod
537 2770 638 2815 XVI,
667 2771 722 2808 12.
767 2770 866 2808 Plut.
906 2771 1014 2808 Dion.
1048 2783 1076 2807 c.
1105 2772 1161 2809 30.
1205 2770 1342 2808 Justin.
1379 2771 1481 2816 XXI,
1515 2773 1548 2809 2.
1593 2772 1766 2821 Polyaen.

161 2832 270 2868 strat.
297 2831 342 2875 V,
368 2832 402 2876 2,
430 2832 462 2869 7.
