1916 3085
893 130 953 179 59

245 253 316 301 Sie
355 252 490 313 igitur
527 267 715 301 summus
754 254 982 314 tyrannus,
1025 253 1097 313 qui
1137 252 1183 299 in
1222 250 1462 312 tyrannidis
1503 248 1723 309 splendore

125 328 250 375 natus
280 328 405 385 atque
436 328 624 374 eruditus
655 329 760 384 erat,
790 328 958 386 ipseque
987 328 1192 386 tyrannus
1222 326 1374 380 faetus,
1407 337 1613 383 magnum
1642 323 1724 368 im-

125 400 308 461 perium,
350 400 459 458 quod
495 401 698 447 amissum
727 401 1063 460 recuperaverat,
1106 413 1271 446 summa
1296 397 1558 462 ‚crudelitate
1597 397 1723 455 atque

125 473 300 520 arbitrio
329 487 403 530 per
432 473 607 532 longum
625 475 824 532 temporis
840 475 1025 532 spatium
1045 488 1286 532 quoeunque
1305 473 1427 518 modo
1447 472 1720 529 oppresserat,

126 558 250 593 uxore
280 558 364 590 una
395 559 491 591 oum
521 547 665 592 liberis
694 548 872 606 turpiter
887 546 1084 593 cruciatis
1104 547 1356 604 necatisque,
1389 545 1626 604 principatu
1647 544 1722 589 ab·

128 619 267 665 dioato
298 620 539 676 sceptroque
570 620 742 678 dejecto,
774 621 890 665 nullo
919 620 1041 679 regni
1072 620 1222 664 herede
1252 619 1400 664 relicto
1420 618 1613 675 omnique
1643 631 1723 661 un-

127 704 250 750 quam
282 692 556 748 reouperandi
586 693 750 751 imperii
780 706 852 751 spe
880 681 1087 748 abscissa,
1119 694 1273 738 iterum
1304 693 1536 751 relegatus,
1577 690 1723 749 procul

126 763 265 823 patria
295 762 484 820 privatus
514 763 647 809 vitam
678 765 829 823 degere
860 767 1026 811 coaetus
1057 767 1133 811 est.
1198 767 1336 823 Atque
1376 766 1453 810 1100
1492 765 1613 810 modo
1643 764 1724 808 im-

126 837 241 896 pleta
273 838 384 891 sunt,
416 850 442 882 a
472 838 591 894 patre
622 851 713 892 suo,
754 852 880 895 quum
912 839 1232 898 ignominiosam
1264 838 1377 884 vitae
1408 837 1622 896 degendae
1653 850 1722 882 ra-

126 911 282 955 tionem
313 909 394 953 filii
424 910 690 967 vituperaret,
723 911 798 956 illa
830 911 967 957 dieta:
1000 909 1102 957 οὐδὲ
1122 911 1177 957 σύ
1197 908 1322 957 εἶπεν
1343 910 1435 955 υἱόν
1467 910 1542 968 (se.
1565 907 1720 969 τύραν-

127 983 222 1040 νον)
258 984 364 1035 ἕξεις
398 981 478 1028 ἐάν
514 982 575 1044 μή
615 982 765 1044 παύσῃ
799 983 941 1030 ταῦτα
979 983 1172 1044 ποιῶνθ).
1235 985 1374 1041 Atqne
1411 983 1639 1037 mehercle,
1685 983 1722 1027 si

129 1068 224 1101 eum
254 1055 523 1114 Polyarchus‚
557 1056 608 1101 de
639 1069 717 1114 quo
749 1070 873 1114 supra
905 1057 1067 1103 dietum
1097 1071 1138 1115 p.
1173 1058 1244 1112 32,
1276 1056 1342 1102 vir
1372 1056 1564 1101 omnibus
1584 1055 1723 1100 ouius-

128 1142 289 1186 cunque
320 1130 485 1186 generis
515 1130 800 1186 voluptatibus
832 1130 1019 1184 deditus,
1051 1132 1096 1175 in
1126 1131 1203 1175 hae
1234 1129 1348 1175 vitae
1378 1128 1615 1174 conditione
1646 1127 1724 1173 Co-

128 1201 261 1246 rinthi
292 1201 480 1256 vidisset,
514 1203 626 1247 certe
656 1216 753 1247 eum
783 1216 866 1248 non
896 1204 944 1247 ut
973 1204 1111 1257 antea,
1143 1216 1226 1247 una
1247 1215 1343 1247 eum
1362 1202 1588 1246 Persarum
1608 1214 1721 1258 rege,

129 1275 246 1320 euius
277 1288 456 1333 regnum
482 1275 574 1332 jam
603 1276 704 1321 tuno
734 1276 1048 1332 pessumdatum
1079 1277 1183 1331 erat,
1216 1275 1408 1332 quoniam
1441 1276 1614 1332 uterque
1634 1288 1724 1320 0111-

129 1348 213 1402 nia,
245 1361 349 1405 quae
380 1350 435 1394 ad
466 1348 672 1405 parandas
703 1349 939 1406 voluptates
969 1362 1070 1406 opus
1101 1349 1251 1402 essent,
1285 1348 1388 1392 satis
1409 1360 1611 1405 superque
1631 1360 1725 1405 pos-

130 1421 305 1475 sideret,
339 1421 632 1466 felicissimum
663 1421 850 1466 omnium
881 1422 1097 1466 hominum
1127 1421 1389 1478 appellasset.
1464 1420 1573 1476 Quid
1614 1420 1725 1477 quod

131 1493 324 1553 Dionysii
354 1506 523 1548 nomen,
564 1493 682 1539 cuius
712 1494 914 1552 adspectu
943 1508 993 1540 ae
1024 1494 1144 1540 vultu
1175 1494 1300 1539 antea
1331 1494 1513 1539 sexcenti
1543 1493 1725 1550 trepida-

133 1568 252 1622 runt,
294 1567 340 1611 in
360 1567 623 1624 proverbium
644 1568 750 1612 abiit
780 1566 1031 1625 ,,Διονύσιος
1060 1570 1108 1612 ἐν
1140 1567 1429 1626 Κορίνθῳίω),
1460 1567 1515 1611 ad
1536 1568 1726 1611 fortunae

132 1640 382 1685 varietatem
427 1640 784 1697 humanarumque
830 1654 971 1685 rerum
1018 1633 1351 1685 uicissitudinem
1403 1639 1725 1696 exprimendam.

133 1713 272 1768 Atque
303 1713 380 1757 hoo
412 1713 475 1757 est
506 1713 641 1757 solum
672 1714 1000 1767 monumentum,
1032 1713 1141 1769 quod
1172 1726 1248 1758 nee
1278 1713 1464 1769 tempore
1494 1726 1570 1757 neo
1591 1712 1727 1757 aetate

132 1784 382 1829 diruendum
413 1785 496 1829 sibi
526 1784 805 1843 exstruxitw).

228 1928 260 1975 ⁸)
285 1927 340 1966 cf.
367 1928 466 1965 Plut.
495 1927 540 1965 de
564 1927 750 1976 Apophth.
776 1940 810 1976 p.
838 1929 919 1967 697.

229 1989 259 2037 ⁰)
285 1988 340 2027 cf.
379 1989 529 2026 Rhetor.
569 1988 699 2027 Graeci
732 1989 787 2027 ed.
819 1989 923 2027 Waiz
948 1990 996 2027 H.
1023 2002 1058 2038 p.
1085 1992 1168 2035 233,
1194 1991 1277 2029 258.
1315 1990 1399 2028 VII.
1426 2002 1460 2038 p.
1488 1990 1595 2034 1170,
1623 1991 1728 2027 1179.

131 2049 233 2086 VIII.
261 2060 295 2095 p.
323 2049 404 2086 752.
430 2049 495 2085 IX.
522 2061 556 2096 p.
583 2050 616 2092 5,
643 2050 678 2092 6,
703 2050 763 2093 48,
790 2051 872 2088 102.
899 2050 973 2087 Cic.
1000 2050 1048 2087 ad
1072 2050 1188 2087 Attio.
1215 2050 1281 2092 IX,
1307 2051 1341 2087 9.
1375 2050 1483 2096 Diog.
1511 2049 1634 2086 Laert.
1661 2048 1729 2085 111.

131 2108 195 2146 Nr.
222 2109 280 2147 24.
318 2108 455 2147 Annot.
480 2110 661 2147 Rittersh.
688 2109 735 2146 ad
760 2110 936 2158 Porphyr.
964 2112 1032 2148 vit.
1058 2111 1220 2159 Pythag.
1247 2122 1276 2147 o.
1304 2112 1363 2148 60.
1393 2109 1529 2147 Annot.
1556 2109 1660 2146 Waiz
1685 2107 1732 2145 ad

130 2169 225 2206 rhet.
253 2169 376 2207 Graec.
404 2171 468 2206 IX.
495 2181 530 2217 p.
557 2171 591 2207 5.

230 2230 276 2278 ¹⁰)
302 2230 528 2279 Quamquam
566 2231 678 2268 multi
708 2232 904 2280 scriptores
929 2234 969 2270 et
994 2231 1124 2270 Graeci
1150 2234 1189 2269 et
1213 2231 1325 2269 latini
1362 2231 1406 2269 de
1436 2231 1535 2268 vitae
1560 2230 1731 2278 Dionysii

131 2291 281 2328 minoris
298 2293 443 2329 ratione
454 2291 635 2336 Corinthi,
662 2293 751 2329 licet
768 2293 945 2337 fabulosa,
971 2294 1166 2330 memoriae
1184 2291 1434 2340 prodiderunt,
1460 2294 1586 2329 tamen
1607 2292 1731 2328 nullus

132 2350 176 2388 de
201 2352 280 2389 eius
304 2354 422 2390 morte
447 2352 589 2401 aliquid
613 2353 758 2396 retulit,
784 2353 840 2390 ita
866 2355 909 2391 ut
934 2354 1037 2390 nullo
1063 2353 1168 2390 modo
1194 2355 1359 2390 statuere
1394 2364 1524 2401 queas,
1557 2351 1730 2400 quamdiu

131 2412 342 2460 Dionysius,
368 2414 443 2460 qui,
482 2425 593 2461 quum
619 2414 871 2461 expelleretur,
910 2416 1005 2451 circa
1044 2415 1316 2462 quinquaginta
1353 2413 1443 2451 dnos
1475 2424 1588 2450 annos
1621 2414 1731 2448 natus

132 2475 222 2516 erat,
249 2473 383 2510 vixerit
407 2475 519 2521 atque
544 2485 616 2521 qua
640 2474 796 2518 ratione,
822 2477 890 2512 aut
915 2486 985 2523 quo
1011 2475 1088 2512 loco
1106 2474 1203 2511 diem
1229 2485 1436 2522 supremum
1454 2473 1597 2510 obierit.
1637 2472 1731 2509 Nolo

132 2532 252 2580 igitur
277 2534 522 2571 coniecturam
557 2545 766 2582 proponere,
805 2536 863 2572 0111
902 2535 1040 2572 solidae
1078 2536 1241 2572 rationes
1278 2538 1375 2572 certo
1412 2535 1490 2571 sint
1526 2532 1730 2570 defuturae.

132 2593 204 2631 Sed
227 2594 320 2631 mihi
359 2594 506 2643 quidem
529 2595 654 2642 plures
666 2606 754 2642 iper
790 2607 905 2632 annos
930 2597 1048 2633 vitam
1086 2595 1229 2644 degisse
1268 2595 1425 2638 videtur,
1463 2605 1575 2642 quum
1600 2594 1733 2631 Aelian

134 2666 167 2692 v.
193 2655 230 2692 h.
256 2655 321 2701 VI,
349 2657 396 2694 12
420 2656 531 2701 dicat,
557 2667 640 2694 eum
664 2667 788 2694 senem
812 2656 954 2694 finiisse
979 2657 1108 2694 vitam.
