1916 3085
920 70 977 117 21

150 196 389 245 adulatores
435 187 689 254 sapientiae
711 195 855 242 nimbo
900 209 945 241 se
990 193 1370 241 circumdederunt.
1434 192 1592 239 Omnes
1639 189 1760 237 erant

150 270 434 330 philosophiae
472 284 521 316 ae
559 269 808 328 disciplinae
840 269 988 315 ardore
1018 269 1186 324 imbuti,
1220 269 1264 315 et
1293 268 1562 328 geometricis
1592 265 1756 325 figuris,

150 357 253 402 quas
290 343 583 389 describebant
623 343 813 388 Platonis
855 343 1064 400 discipuli,
1105 343 1230 400 plena
1270 344 1361 388 erat
1400 356 1475 388 arx
1514 341 1658 400 regia,
1701 340 1755 384 cf.

149 417 265 463 Plut.
297 417 408 463 Dion
438 431 475 463 c.
512 418 588 472 13,
632 417 675 461 et
705 416 815 474 apud
847 416 1009 463 Siculas
1041 417 1201 473 sperari
1242 417 1433 474 coeptum
1472 416 1538 462 est
1567 416 1756 471 tempora

149 491 238 535 fore
275 490 484 545 feliciora,
516 489 764 547 praesertim
811 503 938 546 quum
984 490 1134 534 civitas
1172 503 1198 534 a
1227 490 1362 535 Dione
1401 490 1540 547 magis
1572 500 1699 545 quam
1730 499 1757 531 a

149 563 350 623 Dionysio
386 563 765 609 administraretur.
829 562 1053 621 Dionysius
1091 563 1234 609 autem
1273 575 1428 621 magno
1458 562 1503 606 in
1532 561 1754 606 Platonem

150 649 289 681 amore
320 636 605 681 inflammatus
636 636 676 681 ei
705 648 873 693 prorsus
904 648 948 679 se
979 634 1096 679 dedit
1125 648 1176 680 ae
1213 635 1336 679 Plato
1380 634 1505 691 paulo
1535 635 1630 690 post
1659 634 1754 677 tan-

147 710 239 754 tum
281 709 393 766 apud
431 723 527 754 eum
576 709 712 755 valuit
756 708 1008 754 auctoritate
1053 708 1179 765 atque
1220 707 1468 764 eloquentia,
1511 707 1561 751 ut
1586 707 1678 765 Jam
1707 706 1754 750 in

148 782 290 827 animo
314 782 489 827 haberet
518 784 723 841 tyrannus
752 782 926 839 imperio
957 794 1001 826 se
1031 781 1226 825 abdicare
1258 780 1607 838 Syracusanisque
1626 779 1755 824 liber-

147 855 280 899 tatem
314 855 503 914 reddere.
538 855 647 911 Quid
679 855 789 912 quod
819 868 902 900 non
932 853 995 898 ita
1024 853 1160 898 multo
1189 853 1284 910 post
1303 853 1493 898 Platonis
1514 852 1753 905 adventum,

146 941 274 985 quum
307 928 490 973 solemne
512 928 765 974 sacrificium
795 929 841 972 in
872 940 966 972 aree
995 926 1115 973 fieret
1144 939 1372 984 praecoque
1403 926 1451 970 ut
1471 925 1753 979 consueverat,

148 1002 392 1058 perpetuum
425 1002 627 1059 Dionysio
660 1002 921 1047 dominatum
959 1002 1212 1057 precaretur,
1245 1000 1472 1057 Dionysius
1502 999 1755 1044 exclamasse

148 1075 304 1128 fertur;
338 1075 535 1129 ‚,Desine,
566 1075 717 1132 inquit,
740 1073 990 1120 exsecranda
1020 1073 1139 1118 nobis
1169 1073 1500 1131 imprecari“¹⁷).
1529 1071 1645 1128 Quid
1675 1072 1755 1117 mi-

148 1160 255 1201 rum,
288 1148 396 1204 quod
427 1148 563 1192 altera
593 1149 733 1202 factio,
766 1148 884 1193 cuius
916 1147 998 1190 dux
1027 1145 1246 1200 Philistus,
1279 1147 1328 1190 ut
1358 1146 1651 1191 auc-toritatem
1682 1146 1755 1191 de-

149 1219 355 1264 minutam
386 1220 735 1279 redintegrarent,
769 1233 894 1278 quum
927 1219 1251 1276 insuperabilem
1282 1220 1401 1276 quasi
1431 1219 1621 1264 Platonis
1652 1219 1754 1264 Dio-

148 1293 296 1350 nisque
337 1294 628 1339 auctoritatem
670 1295 794 1351 atque
834 1293 1025 1351 Dionysii
1065 1293 1250 1337 mentem
1296 1293 1505 1337 mutatam
1548 1292 1751 1346 viderent,

148 1366 367 1411 Platonem
398 1366 568 1423 eiusque
598 1367 878 1424 praesentiam
909 1379 1038 1424 regno
1069 1366 1341 1423 pericolusam
1372 1366 1627 1412 asserebant.
1671 1366 1753 1411 Per

149 1452 280 1483 unum
327 1439 582 1483 dictitabant
620 1440 848 1496 sophistam
895 1439 1111 1484 civitatem
1152 1439 1272 1483 illam
1287 1473 1297 1493 ,
1342 1452 1447 1496 quae
1484 1439 1679 1496 ingentes
1711 1440 1754 1483 et

148 1511 318 1555 navales
355 1512 399 1556 et
436 1512 657 1565 terrestres
694 1511 1017 1556 Atheniensium
1059 1512 1197 1568 copias
1250 1511 1523 1569 oppressisset
1560 1512 1751 1569 diruilss).

147 1582 305 1628 Contra
346 1583 524 1628 Dionem
560 1585 702 1629 autem
744 1584 975 1629 calumnias
1013 1585 1056 1628 et
1093 1585 1404 1630 criminationes
1442 1584 1496 1629 ad
1526 1585 1754 1642 tysannum

147 1656 308 1701 deferre
339 1670 421 1701 non
453 1658 684 1710 cessabant,
716 1657 871 1702 velutsi
903 1656 1165 1702 dominatum
1194 1657 1249 1702 ad
1269 1657 1582 1703 Aristomaches
1603 1657 1753 1703 sororis

102 1787 106 1791 ι
145 1729 299 1773 liberos
330 1727 570 1783 transferre,
604 1731 672 1774 vel
701 1731 791 1786 ipse
821 1730 1012 1774 Platonis
1042 1743 1166 1786 opera
1195 1731 1420 1787 tyrannide
1450 1743 1595 1775 eversa
1623 1744 1754 1787 popu-

145 1801 305 1858 larique
347 1802 522 1859 imperio
567 1803 736 1849 reducto
777 1802 1029 1859 reipublicae
1069 1803 1351 1860 principatum
1387 1816 1599 1860 capessere
1630 1817 1754 1861 cupe-

147 1874 290 1931 ret19).
354 1873 568 1930 Imprimis
606 1887 701 1918 vero
741 1875 854 1918 vitae
892 1874 1107 1931 degendae
1138 1875 1486 1920 dissimilitudine
1533 1877 1599 1919 usi
1637 1877 1750 1929 sunt,

145 1946 193 1990 ut
224 1945 471 2004 Dionysium
504 1947 546 1990 in
579 1960 674 1991 eum
706 1946 1013 1991 exacerbarent.
1046 1947 1159 1991 Nam
1190 1960 1320 2003 quum
1352 1947 1579 2006 Dionysius
1599 1949 1752 1993 natura

141 2018 230 2075 jam
262 2020 316 2062 ab
339 2020 509 2063 ineunte
540 2020 678 2063 aetate
699 2020 835 2064 levem
856 2019 1029 2063 haberet
1049 2019 1239 2063 animum
1260 2019 1591 2077 libidinibusque
1612 2021 1751 2065 cuius-

147 2105 225 2148 que
257 2092 423 2150 generis
454 2092 709 2150 indulgeret,
741 2091 827 2136 fuit
856 2091 967 2137 Dion
998 2090 1120 2149 gravi
1150 2104 1200 2136 ac
1221 2092 1389 2137 austera
1419 2093 1584 2147 natura,
1616 2106 1751 2138 moro-

145 2178 189 2210 so
230 2178 279 2209 ac
319 2178 449 2221 paene
488 2165 726 2210 insociabili
763 2165 917 2218 animo,
950 2164 1021 2222 qui
1051 2164 1107 2209 ad
1138 2164 1300 2209 nullam
1330 2178 1374 2209 se
1404 2165 1610 2211 relaxavit
1640 2166 1751 2211 hila-

143 2237 334 2290 ritatem,
371 2250 497 2293 quam
536 2238 587 2282 ob
625 2251 795 2282 causam
826 2251 852 2282 a
882 2238 1058 2282 Platone
1089 2237 1178 2294 ipso
1208 2237 1470 2294 vituperatus
1501 2240 1578 2283 est.
1643 2239 1750 2284 Gra·

73 2367 75 2369 ‚
144 2306 318 2355 vitatem
341 2311 384 2354 et
399 2311 690 2355 austeritatem
712 2310 779 2354 illi
799 2310 1086 2368 arrogantiam
1097 2323 1146 2355 ac
1162 2309 1398 2367 superbiam
1414 2311 1748 2368 appellaverunt,

143 2382 340 2440 loquendi
371 2383 612 2429 libertatem
633 2383 914 2441 pervicaciam
945 2396 1167 2439 omnesque
1199 2382 1287 2427 eius
1318 2382 1498 2429 virtutes
1518 2384 1563 2428 in
1584 2385 1750 2429 contra-

143 2455 207 2500 ria
237 2456 344 2500 vitia
374 2458 534 2501 vertere
566 2457 805 2501 studebant.
866 2456 935 2502 Sic
965 2455 1191 2514 Dionysius
1221 2456 1361 2515 magis
1392 2457 1437 2501 in
1469 2456 1558 2501 dies
1589 2458 1750 2516 magis·

143 2542 221 2585 que
268 2530 484 2587 suspectus
530 2530 667 2575 factus
680 2564 691 2583 ,
739 2543 791 2574 ne
833 2529 923 2587 quis
970 2529 1239 2587 tyrannidem
1287 2530 1499 2575 destruere
1531 2531 1750 2576 conaretur

143 2602 314 2657 veritus,
347 2603 402 2647 ad
434 2602 703 2648 detestabilia
733 2616 954 2649 conversus
994 2604 1059 2648 est
1089 2604 1289 2649 facinora.
1337 2604 1476 2660 Atque
1507 2617 1636 2660 quum
1666 2617 1750 2650 non

241 2712 287 2758 ¹⁷)
312 2712 368 2750 cf.
393 2713 493 2749 Plut.
519 2712 628 2750 Dion.
654 2724 683 2750 c.
712 2714 769 2750 13.
795 2713 902 2750 Corn.
927 2713 1019 2761 Nep.
1045 2713 1143 2751 Dion
1168 2723 1198 2749 c.
1223 2713 1258 2749 3.

243 2772 288 2820 ¹⁸)
314 2772 370 2811 Cf.
395 2773 497 2811 Plut.
523 2773 621 2811 Dion
646 2784 676 2811 c.
704 2774 761 2818 13,
789 2773 845 2812 14.

242 2834 294 2881 ιι’)’
313 2833 369 2872 cf.
395 2833 503 2872 Diod.
529 2834 629 2880 XVI,
656 2836 690 2873 6.
715 2835 817 2873 Plut.
843 2835 942 2873 Dion
967 2846 996 2873 c.
1023 2836 1063 2880 ’1,Ι
1084 2836 1141 2874 14.
