1916 3085
915 90 970 147 18

133 217 391 281 expeditione
423 223 570 268 contra
600 222 792 268 Lucanos
823 222 868 267 in
895 222 1059 281 ,Apulia
1091 218 1327 269 condidisse
1364 224 1468 270 duas
1497 221 1678 282 urbes⁹)'‚
1699 220 1749 268 ut

132 296 434 341 mercatoribus
465 296 636 341 Jonium
668 301 784 340 mare
813 297 1188 354 pernavigantibus
1217 298 1358 341 tutum
1379 298 1612 353 praestaret
1631 298 1748 342 tran-

133 369 277 423 situm,
311 381 438 426 quum
470 367 641 413 barbari
671 368 797 413 litora
817 368 1033 414 maritima
1064 370 1316 427 accolentes,
1348 382 1464 415 mare
1484 369 1749 416 Adriaticum

133 442 302 487 omnino
333 441 558 485 redderent
596 441 815 485 infestum.
877 440 942 485 Ol.
980 443 1113 496 1032
1144 463 1178 480 =
1210 443 1343 487 altera
1373 442 1471 486 anni
1505 443 1593 488 367
1614 444 1745 500 parte.

255 514 353 560 Jam
387 526 484 558 vero
517 526 583 557 res
598 547 608 567 ,
651 526 756 569 quae
797 513 852 557 ad
892 513 1095 559 interiora
1136 516 1257 573 regni
1299 515 1567 572 spectabant,
1614 514 1772 560 multo=

132 587 392 644 prosperiore
431 586 547 629 statu
588 586 729 638 erant,
765 598 892 641 quam
925 586 1125 644 Dionysio
1166 588 1324 631 maiore
1354 588 1580 644 regnante,
1620 600 1748 643 quum

132 672 277 705 omnes
319 658 507 704 civitatis
551 657 660 703 vires
691 670 775 703 non
806 657 862 702 ad
893 658 1008 703 bella
1041 660 1212 704 externa
1243 660 1428 718 gerenda
1459 672 1748 705 consumeren-

131 734 218 787 tur,
250 732 479 790 veetigalia
511 745 594 776 non
621 731 711 789 =iam
744 745 823 788 quo
853 732 979 777 antea
1008 732 1131 777 modo
1163 732 1274 777 cives
1305 733 1560 789 premerent,
1582 733 1748 778 omnino

131 807 247 864 pacis
279 807 391 850 artes
429 805 569 862 magis
606 806 651 848 in
683 805 771 849 dies
803 806 1021 863 magisque
1053 807 1302 851 colerentur.
1368 806 1574 851 Omnibus
1605 808 1747 852 autem

132 880 177 924 in
219 879 344 924 rebus
386 878 564 936 agendis
606 877 712 922 duae
743 878 1060 935 potentissimae
1091 879 1230 936 partes
1263 879 1313 924 de
1344 880 1583 936 principatu
1614 880 1746 925 certa-

131 953 249 1005 bant,
293 964 470 1007 quarum
501 951 627 994 alteri
658 951 769 994 Dion
783 984 793 1003 ,
832 951 1023 1008 Dionysii
1055 952 1287 995 avunculus
1318 965 1366 995 ac
1398 965 1528 1008 gener
1559 953 1745 1008 praefuit

132 1025 212 1080 vir,
254 1025 305 1069 ut
334 1025 427 1083 jam
459 1036 586 1081 supra
627 1024 963 1077 memoravimus,
997 1023 1149 1069 eximia
1180 1023 1429 1068 fortitudine
1460 1025 1601 1080 reique
1632 1025 1747 1069 mili-

131 1100 238 1143 taris
269 1097 567 1155 peritissimus,
600 1097 767 1153 patriae
800 1110 941 1142 amore
973 1098 1016 1141 et
1036 1097 1198 1141 artibus
1220 1096 1415 1153 ingenuis
1436 1097 1637 1151 imbutus,
1660 1098 1746 1142 dis-

132 1172 297 1228 cipulus
328 1169 455 1215 simul
488 1171 531 1214 et
563 1169 843 1214 amicissimus
874 1169 1078 1222 Platonis,
1112 1169 1230 1214 cuius
1260 1182 1338 1213 usu
1369 1182 1419 1214 ac
1450 1170 1745 1215 consuetudine

133 1244 304 1289 edoctus
346 1242 458 1299 apud
490 1242 797 1287 nobilissimam
831 1242 990 1287 civium
1019 1242 1184 1298 partem
1217 1254 1382 1285 summa
1408 1241 1626 1286 fruebatur
1672 1256 1745 1287 au-

133 1315 351 1370 ctoritate,
384 1316 484 1373 quin
517 1315 646 1360 etiam
678 1328 703 1359 a
732 1315 933 1373 Dionysio
964 1314 1133 1368 maiore,
1151 1314 1220 1359 cui
1251 1314 1297 1358 in
1327 1314 1401 1368 eis,
1434 1328 1539 1372 quae
1570 1315 1625 1360 ad
1655 1329 1745 1361 rem

132 1390 345 1447 publicam
385 1388 656 1445 pertinebant
696 1389 822 1432 rebus
835 1423 845 1442 ,
886 1389 1058 1432 consilio
1106 1400 1319 1443 nunquam
1363 1388 1528 1441 deerat,
1582 1402 1745 1433 summo

133 1476 273 1508 amore
323 1461 584 1519 dilectus10).
651 1460 786 1516 Quem
828 1461 997 1517 quidem
1029 1474 1170 1505 omnes
1202 1460 1334 1505 secuti
1366 1461 1476 1514 sunt,
1511 1462 1582 1518 qui
1613 1462 1744 1519 impe-

133 1537 245 1579 rium
288 1535 393 1578 mite
428 1535 472 1578 et
508 1534 675 1591 justum
706 1534 951 1578 restitutum
983 1533 1155 1586 vellent,
1187 1545 1240 1576 ne
1273 1533 1409 1577 dicam
1443 1534 1492 1578 de
1524 1534 1631 1587 illis,
1675 1536 1747 1590 qui

134 1608 346 1654 libertatis
377 1606 582 1664 pristinae
613 1606 929 1660 meminissent,
972 1606 1045 1650 aut
1082 1605 1128 1649 in
1169 1605 1319 1662 quibus
1350 1608 1517 1663 propter
1546 1607 1743 1662 odiosam,

135 1695 218 1738 qua
247 1682 351 1726 tunc
381 1681 692 1738 premebantur,
734 1679 1003 1737 tyrannidem
1036 1679 1275 1722 dulcissime
1305 1679 1506 1723 memoria
1535 1679 1746 1724 libertatis

133 1755 253 1800 illius
295 1755 578 1800 revivisceret.
642 1754 793 1799 Altera
829 1766 926 1810 pars
963 1751 1061 1797 huic
1098 1751 1288 1808 opposita
1328 1765 1470 1797 eorum
1501 1753 1585 1797 fuit
1614 1753 1746 1798 homi-

135 1841 235 1872 num
251 1862 261 1882 ,
302 1828 375 1884 qui
411 1828 642 1885 tyrannum
674 1827 727 1871 ad
759 1826 995 1882 voluptates
1027 1825 1298 1881 impulerunt,
1331 1826 1392 1878 ut,
1425 1826 1504 1870 hac
1534 1825 1648 1870 vitae
1678 1840 1745 1871 ra—

133 1901 248 1945 tione
280 1900 504 1945 enervante
545 1899 659 1956 regis
706 1900 867 1944 viribus
898 1899 1064 1951 fractis,
1098 1898 1181 1954 ipsi
1213 1898 1267 1942 ad
1298 1898 1470 1943 libitum
1518 1913 1640 1944 suum
1672 1899 1745 1944 do-

134 1972 290 2017 minari
330 1972 512 2029 possent.
576 1972 628 2015 In
656 1971 767 2025 dies,
801 1972 849 2015 ut
889 1971 993 2027 ipsis
1034 1971 1173 2015 verbis
1216 1970 1437 2015 Plutarchi
1466 1971 1511 2015 in
1542 1972 1676 2016 Dione
1702 1985 1742 2016 c.

138 2046 162 2088 7
195 2046 305 2098 utar,
339 2057 502 2089 amores
543 2044 706 2100 aliquos
738 2045 863 2100 atque
895 2044 1073 2101 ignavas
1103 2043 1392 2099 occupationes
1425 2044 1464 2088 ei
1494 2045 1539 2087 in
1569 2045 1743 2100 poculis,

133 2117 281 2163 lustris
313 2117 491 2174 aliisque
522 2116 717 2173 turpibus
748 2116 862 2161 ludis
885 2115 1126 2170 offerebant,
1150 2115 1292 2160 aulam
1319 2116 1481 2162 interea
1501 2117 1620 2162 bonis
1642 2118 1745 2162 viris

233 2252 264 2298 ⁹)
290 2250 395 2296 Quod
421 2262 443 2287 a
469 2249 600 2287 Grotio
626 2250 681 2286 VI
706 2261 740 2297 p.
768 2250 817 2286 54
854 2249 934 2286 sine
967 2260 1076 2286 eausa
1113 2249 1152 2285 in
1190 2248 1346 2286 dubium
1380 2252 1550 2294 vocatur3
1588 2262 1675 2287 nam
1700 2253 1745 2288 nt

133 2311 309 2349 omittam
334 2312 567 2358 Dionysium,
593 2313 638 2347 ut
663 2322 771 2357 supra
797 2309 883 2353 dixi,
909 2312 1045 2347 natura
1070 2310 1213 2356 insigni
1230 2310 1438 2357 praeditum
1456 2310 1568 2348 fuisse
1593 2312 1744 2358 ingenio

133 2376 173 2409 et
198 2371 307 2409 Diod.
334 2371 436 2414 XVI,
462 2371 485 2407 5
511 2371 648 2408 diserte
674 2371 779 2407 nobis
805 2370 1020 2415 tradidisse,
1059 2371 1126 2408 has
1152 2369 1242 2408 duas
1273 2371 1382 2408 urbes
1419 2371 1466 2408 ab
1491 2383 1533 2409 eo
1559 2379 1636 2409 esse
1661 2383 1744 2409 oon-

134 2432 245 2477 ditas‚
272 2443 397 2469 omnes
424 2432 464 2468 in
490 2442 532 2469 eo
559 2432 797 2469 consentiunt
830 2434 997 2469 auctores
1033 2432 1074 2469 in
1099 2432 1255 2469 Dionem
1281 2432 1405 2476 illum,
1438 2432 1501 2479 qui
1534 2433 1574 2469 et
1604 2432 1744 2470 virtute

134 2497 173 2531 et
197 2495 253 2531 rei
278 2493 458 2530 militaris
497 2493 665 2536 scientia,
706 2493 816 2530 initio
850 2493 1022 2541 Dionysii
1047 2493 1199 2530 minoris
1236 2493 1381 2540 imperii
1420 2503 1598 2529 summam
1623 2504 1743 2530 rerum

133 2554 247 2591 fuisse
274 2554 438 2591 delatam
463 2556 503 2591 et
530 2554 636 2602 quasi
661 2553 883 2601 reipublicae
909 2554 1157 2601 gubernacula
1182 2554 1284 2590 illius
1309 2554 1387 2590 loco
1413 2553 1593 2598 tenuisse,
1618 2553 1675 2591 ita
1700 2556 1744 2592 ut

134 2615 310 2662 Dionysii
336 2615 527 2662 imperitia
553 2615 647 2650 satis
673 2617 770 2650 esset
796 2615 976 2661 completa
1001 2614 1132 2650 Dionis
1158 2614 1354 2660 sapientia.

235 2676 281 2721 ¹⁰)
306 2675 362 2712 De
389 2674 513 2712 indole
539 2685 582 2711 ac
607 2674 770 2711 moribus
795 2675 924 2711 Dionis
951 2675 996 2712 cf.
1023 2675 1125 2711 Plut.
1151 2674 1250 2710 Dion
1276 2685 1305 2710 c.
1332 2675 1366 2717 2,
1391 2674 1427 2717 4,
1454 2674 1487 2717 5,
1516 2676 1549 2719 6,
1575 2676 1609 2712 8.
1636 2674 1742 2712 corn.

133 2735 224 2783 Nep.
256 2735 354 2772 Dion
388 2747 417 2773 c.
452 2737 486 2779 1,
514 2737 548 2773 2.
590 2735 697 2773 Diod.
734 2735 834 2779 XVI,
870 2737 903 2773 6.
945 2736 1078 2773 Aelian
1109 2746 1144 2773 v.
1176 2735 1212 2772 h.
1246 2734 1318 2779 111,
1350 2735 1392 2779 43
1435 2734 1500 2780 IV,
1535 2737 1593 2774 21.
1636 2736 1743 2772 Plut:

132 2794 291 2834 Maxime
322 2808 405 2833 cum
436 2797 589 2844 princip.
622 2809 651 2835 e.
679 2799 700 2835 1
726 2809 760 2844 p.
789 2798 870 2835 117.
905 2797 1050 2844 Synesii
1083 2807 1200 2835 sermo
1234 2795 1281 2833 ad
1311 2797 1445 2835 Paeon.
1478 2809 1512 2844 p.
1539 2797 1611 2835 308
1636 2795 1670 2833 A
1703 2799 1744 2833 et

133 2857 346 2906 saepissime
372 2858 413 2896 in
438 2857 610 2897 Platonis
636 2858 816 2908 epistolis.
