1916 3085
936 150 996 197 55

158 280 369 343 ,ορρίιίωη
395 268 655 330 adventaret,
688 274 762 320 ubi
792 275 838 319 in
869 276 1139 332 necopinatas
1172 274 1309 331 copias
1340 273 1395 318 ad
1427 271 1568 317 cibum
1601 283 1768 316 sumen-

172 359 275 403 dum
299 363 522 403 conversa-s
553 349 679 393 irruit
709 350 851 405 atque,
882 349 1080 393 trecentis
1114 349 1264 392 caesis
1299 347 1590 402 sexcentisque
1623 346 1667 388 in
1701 359 1771 389 ca—

169 426 417 487 ptivitatem·
451 422 721 479 abductisss)
735 455 746 475 ,
794 422 951 466 ceteras
982 422 1027 465 in
1063 420 1379 466 celeberrimam
1427 420 1555 464 vertit
1600 420 1764 476 fugam.

158 502 262 557 Qua
297 496 472 543 victoria
489 496 789 552 vinexspectata
819 508 868 539 ac
900 495 1080 553 gloriosa
1111 494 1272 539 factum
1303 495 1387 547 est,
1436 495 1484 537 ut
1515 507 1596 538 non
1629 493 1765 537 solum

171 572 416 623 Adranitae,
448 568 578 625 portis
599 567 835 624 patefactis,
865 569 1166 612 Timoleontem
1187 568 1367 624 benigne
1389 567 1624 623 exciperent
1655 568 1766 611 eius-

172 659 251 704 que
281 644 422 701 partes
454 641 745 697 sequerentur,
785 654 928 685 verum
969 641 1096 685 etiam
1130 640 1406 698 Tyndaritani
1444 641 1632 697 aliaeque
1662 640 1766 685 civi-

171 720 408 764 tates‘cum
440 727 486 759 eo
517 714 758 759 societatem
789 714 958 767 inirent,
992 715 1034 758 et
1064 715 1298 758 Mamercus
1335 713 1517 758 Catanae
1546 715 1764 771 tyrannus,

172 791 237 836 vir
267 789 378 834 bello
410 787 532 831 fortis
563 787 789 844 opibusque
820 787 1022 843 insignis,
1068 800 1142 843 per
1179 787 1342 844 legatos
1388 787 1442 830 ad
1475 800 1578 831 -eum
1616 788 1766 831 missos

172 862 315 908 foedus
348 873 444 904 cum
476 873 522 904 eo
553 860 679 904 ferire
710 861 897 916 cuperet,
937 859 998 902 ita
1029 860 1077 902 ut
1108 860 1216 903 vires
1247 860 1333 903 eius
1364 860 1465 903 adeo
1496 860 1764 917 augerentur,

173 937 221 980 ut
246 934 475 991 Syracusas
521 933 634 989 ipsas
679 934 823 978 contra
867 932 1063 976 Hicetam
1108 933 1246 976 castra
1294 945 1458 976 movere
1505 932 1764 990 auderet12).

174 1007 255 1052 Sed
286 1018 415 1062 quum
445 1005 617 1050 Hicetas
649 1006 877 1050 etiamtunc
907 1006 1041 1050 totam
1072 1007 1219 1050 urbem
1265 1007 1429 1063 praeter
1465 1020 1603 1050 arcem
1635 1007 1767 1063 possi-

173 1080 310 1133 deret,
357 1080 488 1124 Poeni
517 1081 658 1124 autem
690 1080 933 1138 Dionysium
981 1093 1105 1136 quam
1149 1080 1349 1125 acerrime
1395 1080 1437 1124 et
1482 1093 1639 1137 magna
1670 1093 1767 1124 cum

171 1155 304 1198 classe
336 1154 548 1197 obsessum
579 1155 786 1207 tenerent,
821 1153 1048 1205 Timoleon,
1097 1153 1229 1196 multo
1260 1152 1447 1204 inferior,
1497 1152 1603 1195 nihil
1637 1165 1766 1208 grave

172 1226 335 1271 efficere
383 1226 597 1281 potuisset,
646 1226 727 1270 nisi
772 1227 951 1279 fortuna,
999 1239 1104 1281 quae
1150 1225 1316 1269 omnino
1347 1224 1599 1268 Timoleonti
1645 1225 1768 1268 valde

172 1298 325 1343 favisse
370 1298 476 1340 mihi
507 1298 686 1350 videtur,
735 1311 830 1341 eum
877 1298 1129 1342 adiuvasset.
1193 1297 1419 1353 Dionysius
1466 1297 1591 1349 enim,
1642 1310 1769 1353 quum

171 1370 334 1415 nullam
366 1370 568 1414 evadendi
614 1384 730 1427 spem
762 1370 935 1424 videret,
970 1370 1021 1414 de
1053 1370 1290 1414 conditione
1322 1383 1397 1414 sua
1428 1369 1515 1413 iam
1549 1369 1768 1426 desperare

270 1515 315 1562 ¹¹)
341 1515 395 1551 De
421 1524 570 1551 numero
608 1523 791 1549 caesorum
829 1513 929 1550 Plut.
957 1512 1087 1550 Timol.
1116 1524 1144 1550 c.
1173 1514 1219 1550 12
1257 1515 1297 1551 et
1327 1512 1434 1550 Diod.
1463 1513 1562 1556 XVI,
1588 1514 1636 1550 68
1673 1513 1772 1551 haud

176 1577 413 1613 dissentiunt.

274 1635 318 1681 ¹2)
345 1634 399 1672 Cf.
426 1634 533 1671 Diod.
559 1634 657 1678 XVI,
674 1635 731 1678 66,
746 1635 803 1678 68,
830 1635 894 1681 qui
919 1635 1023 1671 nobis
1049 1634 1225 1678 tradidit,
1254 1634 1521 1671 Timoleontcm
1545 1637 1629 1682 post
1655 1636 1772 1673 victo-

175 1697 269 1733 riam
293 1696 341 1733 ad
365 1695 551 1732 Adranum
576 1697 721 1741 partam
745 1694 932 1738 Hicetam,
966 1696 1082 1731 citato
1108 1707 1232 1737 cursu,
1265 1694 1312 1730 ad
1337 1696 1531 1741 Syracusas
1555 1707 1669 1742 usque
1693 1708 1773 1744 per-

176 1758 340 1793 secutum
365 1755 600 1801 Epipolisque
638 1755 800 1801 potitum
826 1766 920 1799 esse,
960 1755 1056 1802 quod
1091 1756 1243 1791 minime
1282 1755 1480 1791 verisimile
1514 1766 1590 1792 esse
1617 1755 1771 1794 videtur.

176 1816 277 1852 Plut.
314 1815 444 1852 Timol.
484 1826 511 1852 c.
541 1816 587 1852 12
625 1815 723 1851 enim
760 1816 902 1859 retulit,
942 1816 1185 1853 Timoleontis
1221 1818 1342 1863 copias
1378 1817 1512 1853 itinere
1550 1817 1659 1863 longo
1695 1821 1774 1855 tam

178 1876 336 1913 defessas
361 1876 483 1918 fuisse,
522 1878 566 1911 ut
590 1886 663 1911 non
695 1876 778 1911 sine
803 1887 937 1922 magno
963 1887 1067 1923 opere
1104 1876 1151 1912 ad
1177 1887 1340 1923 pugnam
1376 1878 1527 1913 excitari
1557 1875 1784 1924 potuissent,

178 1937 234 1974 ita
259 1939 303 1974 ut
327 1939 410 1984 post
435 1937 612 1983 proelium
638 1936 696 1972 illi
721 1947 786 1972 nec
812 1936 1014 1973 voluissent
1051 1948 1116 1973 nec
1152 1938 1359 1983 potuissent
1396 1938 1512 1974 citato
1538 1949 1642 1975 cursu
1666 1939 1775 1986 Syra-

179 2008 281 2033 cusas
306 2009 505 2044 properare.
548 1997 668 2032 Multo
694 1999 813 2043 magis
841 2008 923 2034 vero
949 1998 1042 2036 mihi
1067 1999 1203 2034 rationi
1220 2000 1501 2035 consentaneum
1527 2010 1604 2036 csse
1630 1998 1776 2036 videtur

180 2058 457 2103 Timoleontem,
496 2070 618 2106 quum,
657 2070 679 2094 a
705 2070 776 2106 qua
801 2058 1064 2096 Adranitarum
1090 2061 1195 2106 parte
1232 2060 1368 2096 auxilio
1395 2061 1543 2096 vocatus
1568 2062 1665 2104 erat,
1703 2060 1776 2097 sibi

179 2120 280 2156 urbis
317 2111 449 2167 portae*
481 2119 772 2163 recluderentur,
811 2131 891 2155 cum
928 2119 1112 2156 militibus
1149 2120 1225 2155 suis
1263 2131 1344 2156 eam
1381 2131 1458 2157 esse
1494 2121 1698 2168 ingressum
1734 2131 1776 2158 ac

180 2182 306 2228 postca
331 2180 487 2225 demum,
514 2180 655 2218 viribus
679 2182 799 2228 magis
824 2182 862 2217 in
890 2180 968 2217 dies
984 2181 1176 2228 magisque
1201 2182 1330 2224 auctis,
1356 2182 1553 2228 Syracusas
1565 2183 1775 2229 profectum,

180 2252 261 2278 cum
284 2242 462 2289 Dionysio
500 2242 543 2278 de
581 2253 662 2278 arce
699 2241 878 2278 tradenda
916 2242 1045 2287 egisse.
1098 2242 1229 2288 Itaque
1267 2244 1325 2277 est
1350 2241 1508 2289 Ortygia
1532 2244 1649 2290 prima
1674 2242 1776 2279 urbis

180 2312 274 2350 pars,
301 2313 372 2351 qua
398 2302 576 2347 Timolon,
614 2302 791 2351 Dionysio
818 2301 988 2346 abeunte,
1027 2303 1170 2349 potitus
1196 2305 1252 2340 est
1290 2305 1328 2340 et
1365 2316 1438 2340 non
1462 2304 1647 2351 Epipolae‚
1687 2316 1777 2351 quas

180 2363 331 2401 Hicetas
356 2367 396 2400 et
425 2364 750 2410 Carthaginienses
786 2363 975 2400 tenebant.
1026 2363 1115 2405 Sed,
1154 2366 1198 2399 ut
1234 2365 1426 2407 omittam,
1464 2364 1560 2411 quod
1598 2366 1658 2400 vix
1696 2365 1776 2400 fieri

180 2424 315 2470 potuit,
340 2426 385 2461 ut
402 2424 590 2461 Timoleon
608 2426 687 2461 tam
703 2435 816 2472 parva
841 2435 922 2461 cum
939 2435 1050 2461 manu
1067 2424 1263 2471 Syracusas
1280 2425 1463 2462 militibus
1489 2437 1595 2473 quam
1621 2426 1776 2463 maxime

181 2484 345 2529 refertas,
372 2488 574 2532 occuparet,
602 2488 716 2523 etiam
741 2487 860 2522 multa
886 2497 907 2521 a
932 2485 1092 2521 Diodoro
1118 2488 1204 2521 ante
1231 2485 1431 2532 Ortygiam,
1452 2498 1473 2522 a
1498 2486 1675 2533 Dionysio
1701 2489 1776 2523 tra-

182 2543 300 2581 ditam
325 2545 424 2582 facta
449 2557 526 2583 esse
552 2546 770 2591 referuntur,
797 2557 888 2594 quae
915 2557 933 2582 e
959 2546 1157 2582 Plutarcho
1182 2548 1309 2593 postea
1334 2549 1417 2583 acta
1450 2547 1602 2583 elucent.
1654 2547 1777 2595 Atque

182 2605 275 2643 hanc
301 2606 346 2643 ob
372 2618 517 2644 causam
555 2608 670 2644 etiam
707 2608 747 2643 in
785 2608 1020 2653 chronologia
1057 2607 1103 2643 ab
1129 2619 1170 2643 eo
1196 2607 1369 2653 discrepo,
1409 2619 1531 2654 quum,
1557 2608 1778 2654 Dionysium

182 2665 327 2703 demum
352 2678 447 2704 anno
471 2670 554 2715 post
579 2668 819 2704 Timoleontis
844 2666 1042 2704 adventum
1067 2677 1186 2703 arcem
1212 2667 1436 2704 Timoleonti
1469 2667 1677 2713 tradidisse,
1703 2680 1779 2706 me-

182 2730 301 2764 moret
327 2728 381 2765 01.
410 2731 491 2773 109,
518 2724 613 2767 2’;
637 2731 720 2774 343,
759 2741 867 2777 quem
904 2740 1095 2765 numerum
1133 2729 1247 2765 etiam
1285 2729 1399 2766 Clint.
1426 2729 1528 2766 Fast.
1554 2729 1650 2766 Hell.
1687 2729 1780 2767 falso

183 2789 336 2835 excepit,
375 2792 549 2837 quoniam
586 2792 685 2829 Plut.
714 2791 845 2828 Timol.
873 2801 900 2826 c.
929 2791 975 2827 16
1002 2789 1138 2826 diserte
1176 2789 1281 2826 nobis
1319 2790 1470 2834 retulit,
1510 2790 1780 2828 Timoleontem

184 2859 205 2884 a
229 2848 406 2898 Dionysio
432 2853 570 2891 minore
597 2852 662 2899 „s’v
686 2851 841 2902 ἡμέραις
864 2851 1112 2899 πεντήκοντοέ(
1138 2862 1256 2889 arcem
1282 2852 1320 2889 in
1346 2854 1570 2901 potestatem
1588 2853 1777 2901 accepisse,

184 2908 238 2947 Of.
266 2913 381 2950 etiam
406 2912 519 2953 Grote
544 2915 606 2953 VI.
634 2926 667 2964 p.
697 2905 777 2953 12⁵1.
