1916 3085
939 92 999 139 46

161 213 506 271 proficisceretur,
541 216 628 270 sed,
661 217 711 261 ut
740 217 906 274 tempus
938 217 1216 273 opportunum
1246 216 1302 261 ad
1332 217 1537 274 proelium
1558 215 1770 275 exspecta·-

161 289 241 341 ret,
273 289 432 332 bellum
466 289 672 343 differret,
705 290 757 334 ab
789 289 1018 333 Heraclide
1047 290 1257 333 malitiose
1289 289 1559 347 divulgatum
1589 291 1671 345 est,
1703 289 1769 334 id-

162 361 271 405 eirco
303 374 397 404 eum
431 376 528 406 cum
558 363 748 407 Pharaee
778 362 984 418 proelium
1014 362 1341 417 procrastinare,
1381 376 1433 406 ne
1470 364 1510 408 ei
1544 363 1770 420 imperium

162 433 451 489 deponendum
483 436 606 489 esset,
639 435 870 491 quibusque
902 434 1137 479 rumoribus
1160 435 1379 488 excitatus,
1412 448 1541 492 quum
1563 436 1769 493 proelium

161 506 348 560 auderet,
382 507 500 552 fusus
532 509 608 552 est.
675 507 801 552 Cuius
833 508 966 552 cladis
998 509 1209 552 maculam
1240 509 1288 552 ut
1320 509 1496 561 elueret,
1529 522 1659 564 quum
1690 508 1769 553 ite-

161 592 256 621 rum
288 579 423 622 aciem
454 580 734 633 instruxisset,
768 579 907 624 subito
938 581 1093 624 certior·
1120 581 1272 635 factus,
1304 580 1574 625 Heraclidem
1596 580 1768 625 solvisse

161 652 205 694 et
235 665 331 695 cum
363 652 494 695 classe
528 653 754 709 Syracusas
785 654 924 709 petere
957 667 1005 697 ea
1036 654 1189 706 mente,
1222 655 1289 706 ut,
1321 654 1423 697 urbe
1455 654 1597 709 capta,
1628 652 1768 708 ipsum

161 736 258 767 eum
290 725 471 769 exercitu
504 725 694 783 fugaret,
728 739 854 782 quam
885 726 1080 770 maximis
1111 726 1334 771 itineribus
1367 739 1463 771 eum
1495 724 1768 772 validissimis

160 797 372 851 equitibus
404 798 486 841 iter
517 799 724 842 festinans
739 797 746 803 ’
762 799 886 854 atque
925 799 1063 842 stadia
1100 799 1368 856 septingenta
1406 811 1596 842 emensus
1632 798 1768 841 Hera·

159 868 313 913 elidem
345 870 575 926 praevenit,
608 871 710 915 licet
741 884 865 927 quam
898 871 1114 915 celerrime
1146 884 1242 916 cum
1274 871 1405 916 classe
1426 869 1765 929 contenderitffl).

283 942 422 997 Quum
454 957 551 987 vero
582 944 706 999 paulo
737 944 831 999 post
863 943 1067 1000 Gaesylus
1106 944 1338 1000 Spartiates
1369 957 1395 987 a
1428 943 1766 993 Lacedaemoniis

160 1015 313 1059 missus
345 1028 441 1059 cum
473 1015 606 1059 classe
640 1015 865 1073 Syracusas
907 1016 1112 1069 venisset,
1151 1016 1331 1060 Dionem
1361 1016 1649 1060 reconciliavit
1679 1015 1767 1060 He·

158 1089 323 1131 raclidi.
390 1089 479 1142 Quo
509 1089 638 1141 facto,
673 1089 923 1145 Syracusani
955 1090 1151 1142 classem,
1184 1102 1438 1146 magnarum
1469 1089 1580 1132 inter
1610 1088 1768 1144 princi-

158 1174 230 1217 pes
262 1161 516 1205 seditionum
548 1175 735 1215 causam,
769 1162 974 1218 siquidem
1013 1163 1120 1207 nihil
1158 1175 1206 1207 ea
1243 1162 1427 1219 amplius
1467 1175 1542 1218 pro
1579 1162 1765 1218 tempore

159 1248 260 1290 opus
282 1236 404 1287 esset,
428 1235 610 1278 maxima
634 1248 681 1279 ex
702 1236 821 1290 parte
845 1236 1095 1279 dimiserunt
1115 1250 1165 1279 ae
1196 1236 1372 1279 summis
1393 1236 1554 1279 viribus
1576 1235 1631 1278 ad
1653 1235 1763 1279 obsi-

159 1307 338 1351 dendam
371 1320 511 1351 arcem
541 1307 702 1351 animos
734 1309 994 1351 convertunt.
1058 1309 1347 1365 Apollocrates
1378 1309 1521 1352 autem
1552 1308 1667 1352 arcte
1693 1308 1766 1352 ob-

159 1395 316 1434 sessus,
357 1395 484 1436 quum
521 1381 779 1425 frumentum
820 1381 1015 1426 deficeret
1057 1395 1190 1438 neque
1229 1395 1446 1438 quisquam
1487 1382 1765 1425 commeatum

158 1454 435 1511 supportaret,
469 1454 592 1498 rebus
625 1454 868 1510 desperatis,
901 1469 1042 1500 arcem
1073 1455 1200 1499 Dioni
1230 1454 1413 1498 tradidit
1444 1467 1492 1498 ea
1514 1454 1762 1508 conditione,

158 1530 206 1572 ut
238 1529 325 1584 ipse
356 1528 465 1571 liber
497 1541 591 1571 eum
623 1529 831 1573 sororibus
870 1530 912 1572 et
950 1531 1130 1585 quinque
1171 1529 1416 1572 triremibus
1453 1529 1581 1585 regiis
1617 1529 1764 1584 opibus

157 1697 222 1743 δαῖς
246 1697 299 1734 bie
325 1698 438 1736 &teht
464 1697 551 1743 nicht
576 1697 679 1735 autin
704 1699 803 1744 buter)
831 1699 1015 1745 unruryen,
1054 1699 1198 1745 §unbem
1232 1698 1312 1742 aud)
1350 1697 1449 1745 fugat
1483 1698 1581 1743 burch
1606 1696 1764 1745 unre9e1=

157 1758 289 1806 meissige
314 1759 451 1803 Bufufyr
488 1767 557 1795 non
583 1758 846 1797 &hettssmittetn
872 1760 965 1804 iittss,
1005 1760 1062 1795 eui
1101 1758 1270 1806 equidem
1307 1768 1380 1793 non
1418 1758 1614 1794 consentio.
1667 1757 1762 1793 Nam

158 1820 219 1856 vix
244 1818 389 1855 credere
415 1830 571 1866 possum,
597 1819 847 1864 Heraclidem,
888 1820 1060 1868 quamdiu
1086 1820 1184 1856 Dion
1221 1818 1449 1855 adversarius
1485 1819 1525 1856 in
1556 1818 1645 1855 urbe
1671 1820 1762 1863 erat,

157 1881 376 1927 praesertim
416 1891 526 1927 quum
566 1882 701 1916 nautae
744 1882 859 1927 ipsius
901 1884 1043 1928 partem
1083 1882 1338 1928 sequerentur,
1380 1879 1586 1926 proditione
1623 1881 1762 1926 aperta,

156 1942 355 1990 Syracusas
381 1940 544 1985 rediisse,
585 1953 697 1990 quum
722 1943 811 1979 tune
837 1945 934 1980 certe
959 1943 1075 1986 fieret,
1114 1944 1158 1979 ut
1182 1942 1293 1978 maris
1331 1942 1366 1979 ei
1391 1942 1584 1989 imperium
1609 1940 1762 1988 abroga-

155 2006 268 2045 retur,
296 2006 338 2039 ut
364 2003 439 2039 alia
465 2004 644 2049 supplicia
669 2005 852 2040 omittam.
896 2005 1029 2051 ltaque
1047 2004 1286 2040 Plutarchum
1305 2005 1461 2046 secutus,
1487 2003 1606 2049 magis
1625 2002 1761 2039 rationi

156 2065 440 2100 consentaneum
466 2075 543 2100 esse
568 2064 663 2101 mihi
688 2064 837 2101 videtur
862 2067 1043 2107 statuere,
1082 2063 1312 2101 Heraclidem
1339 2074 1421 2099 cum
1446 2063 1558 2100 classe
1590 2061 1636 2099 ad
1662 2072 1762 2099 oram

155 2126 304 2162 Siciliae
343 2125 656 2170 circumvagatum
694 2128 733 2162 et
758 2137 800 2162 eo
826 2127 904 2173 ipso
943 2126 1081 2162 factum
1120 2137 1217 2168 esse,
1256 2128 1300 2161 ut
1337 2124 1523 2160 ordinario
1560 2126 1761 2160 commeatu

155 2186 363 2231 interrupto
389 2185 429 2220 in
455 2184 543 2220 urbe
569 2196 714 2221 annona
739 2188 820 2221 orta
847 2188 953 2222 esset.
1005 2186 1128 2233 Atque
1161 2186 1230 2222 hae
1263 2186 1432 2233 opinione
1464 2184 1615 2222 Grotius
1648 2185 1762 2221 etiam

154 2248 311 2293 cogitur,
354 2245 587 2282 Heraclidem
628 2246 737 2293 paulo
779 2248 872 2293 post,
916 2246 1159 2294 expeditionis
1202 2247 1330 2283 Dionis
1384 2248 1512 2283 contra
1545 2245 1757 2288 Pharaeem,

155 2308 327 2353 Dionysii
353 2307 492 2349 ducem,
518 2307 735 2353 participem
761 2306 878 2342 facere
905 2306 1101 2342 dictitans:
1134 2307 1228 2352 „ieie
1252 2307 1485 2353 beeressmadyt
1511 2315 1579 2343 mm
1594 2307 1760 2352 &pmcne

156 2369 270 2407 mutbe
296 2367 576 2416 biuoussqefiibrt,
604 2378 665 2405 nm
690 2369 753 2405 ben
780 2369 916 2416 &batur
942 2368 1178 2417 a113ugtcifen,
1216 2367 1266 2405 bie
1291 2367 1406 2415 fflotte
1430 2371 1533 2405 untet
1557 2365 1759 2415 perarate&

155 2429 206 2467 bie
231 2429 368 2476 strieger
394 2439 435 2475 5¹1
464 2430 572 2466 ssonbe
599 2436 700 2466 uutcr
726 2429 861 2474 ΈίοηὌ
898 2441 1116 2476 quamquam
1142 2430 1363 2466 Plutarchus
1388 2431 1536 2465 tantum
1562 2428 1606 2464 de
1631 2428 1761 2464 Dionis

156 2491 195 2527 in
220 2491 420 2526 Pharacem
447 2489 679 2536 expeditione
706 2490 874 2526 tradidit.
926 2490 1051 2526 Etiam
1077 2491 1240 2526 Plassius
1277 2490 1369 2526 mihi
1408 2489 1581 2526 assentiri
1614 2488 1761 2525 videtur

155 2552 204 2589 II.
233 2564 266 2599 p.
295 2552 366 2588 ‘253
393 2563 504 2598 quum
530 2551 650 2588 dicat:
687 2551 807 2597 „much
835 2551 949 2596 nerlief
975 2556 1011 2589 cs}
1038 2551 1230 2599 &crambes
1256 2552 1336 2595 nod)
1362 2551 1527 2597 ffliefjene,
1567 2554 1637 2588 ttot
1661 2550 1760 2594 buret)

155 2613 411 2660 §Bermittciung
449 2614 509 2650 bes
537 2613 762 2658 &partanei-»3
790 2614 944 2659 Querar,
986 2612 1079 2649 eincss
1107 2612 1270 2658 Dbcrften
1295 2613 1355 2649 bes
1382 2610 1535 2657 minnist„
1575 2611 1672 2659 fogor
1697 2610 1762 2648 mit

154 2673 272 2722 biefem
289 2673 325 2711 in
341 2674 625 2721 untetbautrnng
643 2675 715 2711 nub
733 2674 920 2720 {dymi‘itmtc
938 2675 994 2711 01ss
1010 2673 1205 2720 &recenter
1222 2672 1286 2711 mit
1304 2671 1435 2720 einigen
1452 2672 1585 2720 &egeln
1604 2672 1761 2716 umbcrfl

256 2736 301 2781 ¹⁵)
328 2735 382 2771 Cf.
409 2735 510 2770 Plut.
536 2735 633 2770 Dion
659 2746 686 2770 e.
713 2735 771 2771 49.
801 2734 876 2771 Cur
902 2735 1064 2777 Pharax,
1091 2735 1180 2770 licet
1205 2734 1386 2780 superior,
1425 2733 1580 2768 Dionem
1607 2743 1680 2768 non
1706 2742 1760 2766 se-

156 2797 261 2831 cutus
288 2796 350 2838 sit,
376 2797 442 2831 aut
468 2794 556 2842 quid
582 2796 738 2842 amplius
766 2797 885 2841 egerit
910 2806 931 2830 a
948 2795 1050 2831 nullo
1076 2797 1223 2832 auctore
1241 2793 1422 2830 traditum
1441 2795 1508 2837 est,
1536 2803 1646 2840 quare
1664 2790 1760 2827 nihil

155 2858 247 2894 certi
273 2856 483 2893 confirmare
510 2856 638 2894 ausim.
