1916 3085
923 92 987 140 52·
1004 129 1006 131 >

157 228 251 259 ossa
296 228 393 260 vero
431 214 633 260 mortario
672 215 859 261 contrita
895 216 940 261 in
977 229 1094 261 mare
1134 217 1451 276 disjecissent1).
1515 218 1636 275 Quod
1672 229 1766 276 spe-

159 287 292 332 ctanti
323 288 449 333 facile
479 288 721 346 intelligere
751 289 839 333 tibi·
863 289 978 343 licet,
1002 303 1128 346 quam
1149 290 1374 335 crudeliter
1405 304 1449 335 se
1474 292 1520 336 in
1542 293 1765 338 Locrenses

158 360 234 404 ille
279 361 460 418 gesserit
506 362 645 418 atque,
680 375 932 418 quamquam
964 375 991 406 a
1021 363 1139 407 nullo
1185 363 1385 418 scriptore
1432 364 1644 419 proditum
1686 365 1763 417 est,

159 433 362 490 quomodo
403 448 596 479 reversus
643 434 861 492 Syracusis
897 435 1166 493 tyrannidem
1203 436 1451 489 exercuerit,
1503 437 1647 482 tamen
1683 437 1765 481 tibi

158 520 404 563 persuasum
434 508 591 553 habeas
623 521 718 553 eum
751 508 853 553 tunc
874 508 1046 562 iisdem,
1070 509 1220 565 quibus
1241 509 1367 554 antea
1386 508 1613 553 indulsisse
1633 509 1764 563 vitiis,

159 579 351 637 civesque
390 594 437 625 eo
468 581 617 625 maiori
650 581 901 625 crudelitate
931 594 980 625 ac
1012 581 1235 626 insolentia
1265 582 1483 636 tractasse,
1518 595 1597 639 quo
1628 583 1766 639 magis

158 666 291 709 nuper
329 654 523 698 exsilium
561 653 909 710 calamitatesque
956 654 1146 698 animum
1191 655 1558 708 exacerbaverant,
1617 655 1678 698 ita
1717 654 1767 698 ut

158 726 298 783 magis
330 726 375 770 in
408 726 498 771 dies
529 727 748 784 magisque
780 727 956 772 odiosior
987 726 1119 771 fieret.
1183 726 1329 784 Itaque
1351 727 1574 784 optimates
1612 741 1661 772 ac
1692 740 1765 771 no-

157 798 360 843 bilissimi
380 800 545 856 quique,
569 813 698 856 quum
718 800 836 844 illius
862 800 1100 857 tyrannidis
1118 800 1271 858 jugum
1308 801 1505 853 excutere.
1532 801 1763 854 studerent,

159 872 452 928 imprudenter
489 872 544 916 ad
586 873 782 917 Hicetam
815 873 952 925 illum,
987 873 1058 928 qui
1089 886 1220 927 nuper
1252 874 1468 917 Leontinis
1499 873 1766 930 tyrannidem

158 944 446 1000 occupaverat,
481 944 732 1001 confugiunt
762 945 949 1001 petituri,
983 945 1031 987 ut
1062 944 1157 987 urbi
1178 958 1321 988 rursus
1352 945 1397 988 in
1435 945 1659 989 discrimen
1694 959 1765 989 vo-

158 1016 277 1060 catae
309 1029 433 1072 quam
465 1016 683 1060 celerrime
713 1016 869 1060 auxilio
899 1016 1042 1060 veniat
1072 1016 1115 1059 et
1145 1017 1324 1073 tyranno
1355 1016 1519 1071 liberet,
1552 1017 1661 1074 quod
1691 1017 1765 1061 ille

159 1102 205 1134 eo
236 1089 437 1133 libentius
473 1089 589 1142 fecit,
622 1102 751 1144 quum
781 1089 883 1145 ipse,
917 1088 1118 1145 Dionysio
1139 1089 1321 1145 expulso,
1354 1089 1654 1147 Syracusarum
1684 1090 1766 1133 im-

158 1162 270 1219 perio
301 1161 430 1218 potiri
461 1162 506 1205 in
537 1161 677 1206 animo
708 1161 895 1205 haberet.
959 1161 1106 1216 Itaque
1137 1174 1266 1205 manu
1287 1162 1390 1206 satis
1412 1162 1554 1207 valida
1576 1162 1764 1216 collecta,

159 1236 388 1293 Syracusas
420 1235 652 1291 profectus,
693 1234 844 1279 castris
887 1234 943 1278 ad
977 1233 1221 1290 Olympium
1230 1234 1263 1291 2)
1294 1236 1485 1288 munitis,
1518 1236 1766 1293 Dionysium

158 1309 204 1352 in
240 1309 342 1352 urbe
383 1320 625 1364 oppugnare
670 1307 824 1363 coepit,
880 1307 929 1350 ut
972 1306 1085 1350 fame
1129 1307 1296 1350 coactus
1337 1308 1484 1351 urbem
1522 1307 1762 1364 t1·aderet⁸).

159 1381 225 1427 Ol.
264 1382 397 1435 108‚4
428 1402 462 1418 =
494 1380 597 1425 345.

282 1454 373 1510 Quo
404 1455 590 1510 tempore
623 1453 753 1497 etiam
785 1450 1166 1509 Carthaginienses,
1201 1452 1284 1508 qui,
1319 1452 1508 1509 quamvis
1540 1453 1668 1497 totius
1700 1452 1766 1498 Si-

160 1529 283 1574 ciliae
314 1528 424 1573 vires
456 1541 623 1584 prorsus
645 1526 782 1571 essent
804 1526 1040 1578 exhaustae,
1072 1539 1146 1581 per
1167 1526 1340 1583 longum
1361 1527 1561 1582 temporis
1583 1527 1766 1583 spatium

161 1603 257 1646 huic
288 1602 465 1645 miserae
498 1602 646 1653 terrae,
681 1599 883 1655 quantum
916 1598 1083 1651 scimus,
1117 1598 1228 1642 bello
1249 1599 1530 1654 pepercerant,
1553 1612 1647 1643 cum
1669 1611 1766 1642 cen-

158 1676 253 1718 tum
290 1675 333 1717 et
371 1672 678 1729 quinquaginta
723 1672 900 1716 navibus
932 1673 1090 1728 longis,
1132 1672 1330 1728 bigarum
1362 1685 1487 1726 supra
1519 1671 1600 1714 duo
1630 1670 1763 1722 milia,

160 1745 469 1803 quinquaginta
500 1745 674 1789 milibus
706 1745 912 1797 militum,
966 1744 1166 1788 trecentis
1214 1743 1423 1796 curribus,
1473 1743 1621 1796 armis,
1668 1742 1765 1786 telis

160 1819 442 1874 cuiuscunque
473 1818 659 1874 generis,
693 1818 900 1861 machinis
932 1816 1316 1873 oppugnationibus
1350 1816 1584 1868 destinatis,
1617 1815 1765 1872 ingen-

160 1892 274 1949 tique
305 1891 510 1936 frumenti
540 1890 658 1947 copia
690 1890 794 1934 bene
833 1889 1030 1934 instructi
1067 1889 1122 1933 ad
1154 1902 1248 1933 eam
1284 1888 1607 1946 oppugnandam
1647 1888 1765 1932 Han-

160 1978 266 2009 none
298 1964 402 2008 duce
424 1963 735 2021 trajecerunt4).

283 2036 353 2082 Sic
389 2035 573 2091 undique
605 2036 676 2093 tot
702 2034 1015 2079 calamitatibus
1042 2034 1227 2090 oppresffi
1258 2034 1421 2090 legatos
1453 2034 1498 2077 in
1530 2033 1762 2087 Graeciam,

160 2111 233 2166 qui
263 2123 288 2153 a
320 2108 550 2152 Corinthiis
571 2108 776 2152 auxilium
796 2108 999 2163 peterent,
1023 2107 1192 2150 mittere
1214 2107 1498 2159 decreverunt,
1523 2119 1650 2162 quum
1672 2119 1765 2149 eam

159 2181 296 2239 ipsam
328 2181 548 2227 civitatem
579 2180 770 2238 tyrannis
803 2193 1099 2236 nonnunquam
1129 2180 1259 2224 fuisse
1290 2179 1489 2223 infestam
1525 2193 1607 2224 non
1644 2178 1765 2237 igno-

159 2256 315 2298 rarent.
381 2254 521 2308 Quum
553 2254 687 2310 legati
719 2253 966 2297 Corinthum
997 2253 1209 2297 venissent
1244 2253 1384 2307 ibique
1415 2252 1533 2296 urbis
1563 2251 1765 2296 conditio-

261 2423 290 2470 ¹)
317 2422 371 2460 Of.
400 2422 535 2458 Aelian
560 2432 593 2457 v.
620 2421 656 2457 h.
684 2421 748 2464 VI,
778 2422 833 2457 12.
860 2420 926 2463 IX,
953 2421 986 2457 8.
1012 2420 1112 2457 Plut.
1139 2431 1255 2467 praec.
1283 2431 1358 2466 ger.
1385 2420 1473 2466 reip.
1501 2431 1530 2457 c.
1549 2420 1606 2456 28.
1632 2419 1765 2456 Strabo

159 2484 223 2527 VI,
252 2485 285 2527 1,
312 2484 345 2520 8.
375 2483 483 2529 Trog.
512 2482 638 2529 Pomp.
666 2493 698 2529 p.
727 2481 826 2518 XXI.
854 2481 1016 2519 Clearch.
1044 2492 1100 2528 ap.
1128 2480 1262 2517 Athen.
1290 2480 1374 2524 XII,
1401 2491 1428 2517 c.
1456 2481 1514 2517 58.

258 2544 287 2591 2)
315 2544 526 2590 Olympium
563 2545 621 2580 est
646 2542 860 2590 oppidulum
899 2553 918 2578 e
944 2544 1068 2578 vetere
1105 2541 1209 2577 Jovis
1236 2540 1418 2588 Olympici
1456 2541 1593 2588 templo
1631 2543 1764 2583 ortum,

159 2607 199 2642 et
229 2616 251 2642 a
277 2604 482 2641 meridiana
519 2605 779 2652 Syracusarum
817 2606 923 2651 parte
961 2603 1008 2640 ad
1045 2603 1164 2651 Anapi
1201 2604 1364 2641 fluminis
1401 2605 1548 2647 ostium,
1588 2604 1688 2641 mille
1727 2605 1767 2640 et

160 2668 356 2714 quingenti
383 2668 531 2703 tantum
557 2677 686 2713 passus
711 2666 758 2702 ab
784 2666 874 2702 urbe
905 2666 1040 2708 situm,
1079 2665 1123 2701 cf.
1151 2665 1256 2702 Diod.
1285 2665 1384 2708 XVI,
1411 2667 1468 2702 68.
1511 2665 1672 2713 Thucyd.
1700 2665 1764 2707 VI,

161 2729 218 2766 70.
246 2727 331 2771 VII,
357 2728 392 2764 4.
421 2727 501 2763 Liv.
530 2727 665 2770 XXIV,
691 2728 749 2764 33.

257 2788 287 2834 3)
314 2787 368 2825 Cf.
395 2788 502 2824 Diod.
529 2788 568 2824 11.
597 2788 697 2824 Plut.
726 2788 857 2824 Timol.
886 2799 914 2824 c.
945 2789 975 2823 1.

257 2848 287 2896 ⁴)
313 2847 369 2885 Cf.
395 2847 502 2885 Diod.
531 2848 631 2892 XVI,
658 2849 715 2885 67.
743 2848 842 2886 Plut.
873 2848 1003 2885 Timol.
1031 2859 1059 2885 c.
1088 2849 1121 2885 2.
1148 2847 1263 2885 Arist.
1291 2848 1386 2886 rhet.
1414 2847 1461 2885 ad
1486 2847 1588 2884 Alex.
1615 2856 1644 2881 c.
1671 2845 1704 2881 9.
