1916 3085
938 73 997 119 38

161 192 433 251 decepturus,
478 193 596 240 varia
633 193 838 252 objiciens
883 194 1117 249 retinebat,
1161 194 1290 240 donec
1326 209 1496 242 murum
1532 195 1776 256 perruptum

160 268 450 321 restaurasset,
483 268 849 325 restauratumque
880 269 1037 312 iterum
1068 268 1289 313 firmasset.
1354 268 1444 325 Quo
1474 270 1643 327 peracto
1663 269 1775 315 Dion

160 340 317 398 legatis
349 341 565 398 respondit
595 343 767 387 unicam
805 356 893 387 esse
925 344 1041 398 pacis
1078 343 1292 387 feriendae
1324 346 1438 387 viam
1470 344 1520 397 si,
1553 346 1777 401 tyrannide

161 414 366 470 deposita,
399 414 626 460 honoribus
659 415 912 472 quibusdam
942 415 1171 473 Dionysius
1202 416 1491 472 acquiesceret.
1541 416 1676 472 Quum
1709 418 1797 476 ty-‚

160 501 329 542 rannus,
364 489 436 545 qui
467 489 544 533 hoc
577 503 819 545 responsum
852 502 980 546 aegre
1012 490 1157 542 ferret,
1189 490 1382 534 omnibus
1413 490 1538 534 rebus
1559 491 1777 536 abundans

159 560 285 617 atque
317 560 362 604 in
393 562 504 605 mari
535 561 716 606 validior
746 562 904 606 frustra
944 562 1226 619 Syracusanos
1257 576 1381 619 agros
1413 564 1579 608 vastare
1610 563 1778 607 urbem-

160 647 238 689 que
269 647 295 678 a
327 635 562 678 commeatu
592 635 875 679 intercludere
907 635 1081 679 conatus
1104 636 1225 688 esset,
1248 636 1298 679 ut
1320 636 1496 680 Dionem
1525 636 1638 692 apud
1665 636 1777 680 civoe

160 707 344 751 invisum
391 707 600 762 redderet,
649 708 819 753 litteras
866 721 891 752 a
938 707 1086 752 Dionis
1133 707 1220 752 filio
1251 707 1553 765 Hipparino¹⁶)
1600 708 1777 765 aliisque

160 781 352 836 cognatis
384 781 498 836 patri
530 781 707 836 scriptas
746 781 880 824 finxit.
946 781 1026 824 His
1059 781 1381 824 continebantur
1412 794 1554 837 preces
1586 769 1777 825 obsecra-

161 852 379 909 tionesque
410 853 659 907 mulierum,
692 853 833 897 minae
864 853 1078 897 adversus·
1098 853 1317 897 carissima
1347 854 1545 911 pignora:
1579 865 1775 907 sororem,

158 925 309 979 filium,
344 927 567 984 conjugem
599 927 871 983 miseraeque,
905 925 1207 970 lamentatione
1239 926 1439 980 admixta,
1461 925 1775 980 obtestationes,

159 1012 211 1042 ne
243 1001 451 1044 everteret
482 1001 556 1045 sed
588 1001 636 1044 ut
667 1000 898 1056 susciperet
929 999 1213 1057 tyrannidem,
1247 1013 1372 1056 quam
1403 1000 1630 1058 Dionysius
1654 1000 1777 1056 depo-

158 1085 256 1115 nere
290 1074 439 1127 vellet,
493 1074 807 1129 praestaretque
840 1074 1008 1125 amicis,
1058 1073 1303 1116 necessariis
1335 1073 1683 1130 securitatem1'1).
1719 1097 1775 1103 —-

282 1145 444 1201 Quibus
477 1146 634 1190 litteris
667 1146 857 1202 quamvis
889 1146 1057 1202 publice
1088 1145 1298 1198 recitatis,
1331 1146 1473 1189 tamen
1505 1146 1616 1190 Dion
1649 1145 1777 1202 Syra-

158 1218 325 1262 cusanis
358 1219 403 1262 in
436 1219 714 1275 suspicionem
747 1218 877 1271 venit,
909 1219 972 1262 ita
1003 1219 1052 1261 ut
1081 1218 1329 1262 Heraclides
1360 1218 1448 1272 ille,
1483 1217 1554 1274 qui
1585 1231 1611 1262 a
1641 1217 1776 1262 Dione

158 1304 253 1335 cum
286 1292 530 1347 triremibus
561 1293 606 1336 in
637 1293 920 1348 Peloponneso
953 1292 1138 1343 relictus,
1172 1291 1334 1334 interea
1357 1290 1584 1347 Syracusas
1616 1290 1777 1347 viginti

158 1377 255 1407 cum
283 1364 543 1417 triremibus,
567 1365 686 1408 mille
708 1365 751 1408 et
772 1364 1015 1421 quingentis
1041 1364 1260 1407 instructis
1291 1363 1564 1419 militibusffl)
1586 1376 1776 1406 reversus

157 1436 234 1490 est,
268 1436 462 1492 quamvis
494 1450 659 1481 summa
690 1436 860 1493 imperii
891 1437 936 1480 in
968 1436 1145 1480 Dionem
1178 1436 1288 1480 esset
1311 1435 1464 1488 delata,
1489 1435 1636 1480 classis
1657 1449 1776 1492 prae-

161 1510 300 1553 fectus
333 1510 672 1566 deligeretur19).
737 1509 893 1553 Eodem
941 1510 1029 1553 fere
1076 1509 1262 1564 tempore
1309 1508 1535 1561 Philistus,
1583 1509 1776 1565 Dionysii

161 1594 350 1625 summus
399 1582 547 1626 classis
578 1582 834 1639 praefectus,
889 1581 1107 1639 sexaginta
1155 1595 1251 1625 cum
1282 1581 1525 1625 triremibus
1572 1581 1615 1625 et
1653 1594 1777 1637 supra

162 1655 414 1712 quingentos
446 1656 626 1711 equites,
666 1656 907 1711 postquam,
945 1655 1243 1698 Leontinorum
1275 1655 1443 1707 urbem,
1485 1667 1590 1710 quae
1621 1668 1646 1697 a
1676 1648 1791 1713 Dio-J

265 1800 311 1845 16)
338 1799 438 1835 Plut.
479 1800 578 1836 Dion
604 1812 633 1836 c.
661 1801 707 1837 31
734 1800 801 1842 ait,
843 1798 1036 1835 Timonide
1074 1799 1139 1834 illo
1179 1800 1337 1840 auctore,
1376 1798 1506 1834 Dionis
1544 1799 1663 1834 filium
1700 1810 1777 1835 esse

164 1859 413 1906 Hipparinum
452 1860 499 1896 ab
526 1871 594 1896 avo
620 1860 826 1910 Hipparino
852 1860 904 1895 sic
930 1860 1163 1895 nominatum
1191 1870 1345 1906 eumque
1371 1870 1392 1895 a
1420 1859 1568 1896 Timaeo
1594 1870 1678 1905 pag.
1708 1859 1776 1895 127

163 1918 216 1955 ed.
245 1919 382 1955 Miiller
409 1919 502 1956 falso
528 1919 728 1957 Aretaeum
755 1932 776 1956 a
802 1922 921 1956 matre
946 1918 1058 1955 Arete
1085 1931 1161 1956 esse
1188 1919 1426 1966 appellatum.

264 1981 309 2024 ¹⁷)
336 1979 391 2016 Cf.
420 1980 529 2016 Diod.
558 1981 658 2024 XVI,
687 1983 744 2023 12,
774 1982 830 2017 13.
861 1980 962 2015 Plut.
990 1980 1088 2015 Dion
1106 1991 1134 2015 c.
1154 1981 1212 2022 30,
1230 1981 1288 2016 31.
1317 1980 1480 2026 Polyaen
1497 1982 1606 2016 strat.
1633 1980 1677 2022 V,
1692 1980 1727 2022 2,
1742 1980 1774 2014 7.

264 2041 310 2087 ¹³)
337 2041 437 2076 Plut.
471 2041 569 2077 Dion
594 2052 623 2077 c.
651 2042 698 2077 32
737 2040 898 2076 tradidit
936 2039 1169 2076 Heraclidem
1208 2051 1290 2076 cum
1327 2042 1469 2087 septem
1500 2039 1713 2076 triremibus
1739 2041 1778 2075 et

164 2100 285 2136 tribus
311 2101 475 2146 navigiis
501 2103 651 2137 tantum
678 2102 881 2147 appulisse,
922 2100 1029 2147 quod,
1069 2102 1100 2136 si
1126 2112 1300 2146 magnam
1326 2101 1490 2143 classem,
1532 2111 1687 2147 quacum
1711 2100 1777 2146 Sy·

164 2161 332 2196 racusani
357 2160 466 2206 paulo
491 2162 577 2207 post
602 2172 684 2196 cum
712 2161 874 2197 Philisto
899 2171 1065 2206 pugnam
1090 2161 1351 2197 commiserunt
1375 2161 1563 2203 navalem,
1590 2162 1777 2207 spectave-

164 2221 227 2263 ris,
256 2220 353 2256 haud
381 2221 583 2257 verisimile
610 2219 768 2256 videtur.
822 2220 940 2264 Quare
967 2231 988 2256 a
1014 2220 1121 2257 Diod.
1149 2222 1249 2263 XVI,
1278 2222 1323 2257 16
1362 2232 1553 2257 numerum
1590 2220 1776 2267 proditum

166 2281 306 2327 viginti
332 2281 486 2317 navium
511 2282 707 2327 longarum
747 2283 785 2317 et
823 2281 926 2317 mille
965 2281 1252 2328 quingentorum
1278 2283 1502 2318 armatorum
1541 2281 1778 2318 verisimilius

167 2353 244 2378 esse
270 2353 408 2378 censeo.

268 2403 313 2448 ¹⁹)
340 2403 390 2438 Et
417 2405 506 2438 tunc
531 2414 570 2438 re
596 2414 692 2445 vera,
733 2403 822 2438 licet
859 2404 899 2438 in
923 2404 1171 2450 Peloponneso
1210 2406 1285 2440 iam
1323 2416 1446 2441 eorum
1480 2405 1594 2440 animi
1619 2405 1778 2441 invicem

167 2465 290 2499 essent
316 2463 535 2506 abalienati,
562 2462 607 2498 cf.
635 2462 736 2499 Plut.
763 2462 860 2498 Dion
886 2474 913 2500 c.
942 2465 1000 2507 32,
1028 2463 1126 2501 inter
1150 2464 1308 2502 Dionem
1334 2467 1375 2502 et
1391 2464 1624 2502 Heraclidem
1649 2466 1778 2511 coepta

167 2528 225 2561 est
250 2524 294 2560 de
320 2525 529 2570 principatu
555 2525 757 2565 contentio,
785 2522 953 2570 coeptum
980 2526 1089 2561 simul
1115 2525 1230 2562 fatale
1257 2526 1352 2562 illud
1377 2527 1489 2562 immo
1514 2525 1777 2561 fatalissimum

168 2587 325 2631 tempus,
365 2596 435 2631 quo
462 2584 659 2630 Syracusas
697 2595 857 2627 summa,
892 2596 968 2631 qua
995 2587 1053 2621 tot
1091 2596 1154 2631 per
1193 2585 1339 2621 saecula
1377 2585 1529 2621 mirifice
1567 2584 1777 2627 floruerant,

169 2645 289 2691 gloria
313 2645 452 2691 privari
478 2644 715 2692 privatasque
742 2644 788 2681 ad
815 2645 968 2681 exitium
995 2645 1082 2682 ferri
1107 2646 1185 2682 fato
1225 2646 1329 2692 quasi
1369 2645 1525 2692 quodam
1550 2644 1776 2682 destinatum

170 2708 251 2742 erat
277 2704 324 2741 ad
350 2705 388 2740 id
413 2717 527 2753 usque
567 2708 724 2752 tempus,
753 2716 824 2753 quo
852 2706 1041 2742 Timoleon
1079 2706 1143 2743 ille
1182 2706 1403 2743 clarissimus
1429 2705 1486 2742 vir
1511 2705 1564 2742 rei
1601 2704 1778 2741 militaris

170 2767 326 2803 scientia
352 2768 451 2802 arcte
478 2778 559 2802 cum
598 2766 746 2803 fortuna
772 2767 866 2802 mira
905 2767 1099 2804 coniuncta
1137 2767 1302 2804 ordinem
1327 2778 1369 2803 ac
1394 2767 1557 2814 requiem
1594 2765 1777 2807 restituit,

171 2838 244 2874 qua
270 2826 314 2863 de
339 2838 390 2871 re,
418 2830 598 2874 quatenus
624 2839 646 2864 a
663 2829 788 2864 nostro
806 2829 991 2875 proposito
1016 2839 1089 2865 non
1106 2828 1268 2865 alienum
1287 2830 1355 2871 est,
1381 2827 1478 2864 infra
1497 2825 1776 2874 disputabimus.
